2608 3964
190 531 280 604 Qvou
304 530 329 588 is
353 529 389 587 sit
410 527 516 587 Catulli
537 526 617 598 liber,
639 534 672 584 ut
696 525 866 602 pulcerrima
888 524 935 583 illa
958 507 1087 583 carmina

149 647 250 724 quibus
270 643 340 710 nihil
361 641 420 702 iere
441 641 533 700 simile
554 653 603 701 aut
624 641 786 699 secundum
807 639 886 716 'apud
905 650 1007 716 poetas
1027 638 1092 696 Ro-

145 777 253 840 manos
273 758 375 834 legitur
396 775 457 814 non
476 757 590 832 possint
606 755 710 832 inspici
729 755 799 832 quin
817 755 982 831 turpissima
1001 771 1090 829 quae-

150 875 217 933 dam
245 872 392 948 poematia
422 872 454 929 in
486 871 587 930 oculos
616 869 702 928 simul
729 870 882 940 incurrant,
910 869 1018 946 placuit
1045 867 1090 926 his

151 989 289 1064 ablegatis
314 987 418 1046 Catulli
441 997 556 1063 partem
579 987 728 1046 meliorem
751 986 906 1044 lectoribus
926 985 1088 1061 propinare.

152 1103 219 1174 Qua
243 1105 273 1160 in
297 1121 328 1161 re
351 1121 417 1161 eam
438 1102 524 1160 nobis
547 1101 642 1176 legem
666 1101 824 1177 posuimus,
845 1110 877 1158 ut
897 1118 952 1158 nec
973 1117 1091 1156 cannen

152 1217 243 1274 ullum
273 1216 485 1292 negligeremus
516 1215 596 1292 quod
626 1225 726 1291 posset
755 1217 908 1291 quisquam
940 1211 1091 1271 Musarum

154 1341 265 1390 amator
290 1331 461 1401 desiderare,
484 1348 579 1406 neque
604 1331 634 1386 in
662 1331 697 1388 iis
721 1329 896 1388 carminibus
920 1347 994 1406 quae
1016 1328 1091 1404 typis

154 1456 252 1502 essent
272 1445 514 1520 repraesentanda
535 1463 572 1502 ne
593 1462 686 1502 unum
707 1443 824 1522 quidem
843 1443 963 1500 uerbum
980 1452 1029 1501 aut
1047 1459 1091 1500 re·

155 1561 316 1618 cideremus
336 1568 385 1616 aut
406 1560 631 1618 immutaremus.
657 1559 774 1617 Etenim
797 1576 852 1616 nec
875 1557 979 1617 Catulli
1002 1558 1106 1633 ipsius'

155 1691 252 1731 rnores
272 1691 326 1730 nec
348 1672 453 1731 saeculi
474 1673 554 1748 quod
574 1684 636 1732 tum
658 1673 772 1731 Romae
792 1683 853 1731 erat
873 1672 1018 1731 uoluimus
1037 1673 1094 1732 dis·

158 1789 297 1847 simulare.
326 1787 437 1845 Verum
465 1788 543 1846 aliud
570 1797 615 1846 est
643 1787 764 1845 odorem
789 1804 910 1845 noscere
937 1788 1093 1864 praesepis,

158 1904 233 1963 aliud
255 1905 285 1961 in
308 1903 484 1978 sterquilinio
507 1903 637 1961 uolutari.
667 1901 757 1974 Quod
785 1902 823 1960 ad
849 1912 960 1960 textum
987 1903 1094 1973 attinet,

158 2017 388 2092 recognitionem
402 1989 570 2074 Ellisianam
590 2034 664 2092 quae
682 2034 699 2074 e
719 2015 918 2092 typographeo
936 2013 1095 2074 Clarendo·

159 2131 246 2188 niano
259 2131 295 2187 A.
312 2130 340 2188 S.
355 2147 529 2200 uncccrxvrr
549 2131 655 2206 prodiit
674 2149 787 2189 summa
807 2130 864 2189 fide
886 2132 976 2189 secuti
997 2149 1096 2189 sumus

161 2254 188 2302 et
207 2244 350 2303 Ellisianis
371 2246 498 2304 numeris
518 2256 580 2302 turn
601 2245 729 2303 carmina
754 2255 815 2303 tum
839 2263 940 2304 uersus
965 2246 1096 2320 singulos
1148 2228 1158 2252 ⁹

162 2361 346 2434 signauimus.
390 2359 419 2417 Si
439 2361 510 2436 quid
529 2361 615 2435 igitur
636 2361 770 2437 cuiquam
791 2361 838 2419 uel
859 2361 888 2418 in
909 2361 973 2437 ipso
992 2363 1097 2420 uerbo·

162 2491 223 2530 rum
253 2483 390 2532 contextu
419 2475 464 2532 uel
494 2476 524 2532 in
556 2495 586 2533 re
617 2474 841 2552 orthographica
867 2485 1007 2533 nouatum
1034 2495 1098 2534 esse
1205 2462 1207 2466 ’

164 2589 313 2661 uidebitur,
327 2591 366 2662 ab
387 2600 527 2667 apparatu
545 2591 594 2648 illo
611 2591 837 2666 locupletissimo
856 2591 929 2647 ratio
946 2590 998 2647 crit
1016 2608 1098 2667 repe·

165 2703 251 2760 tenda
266 2720 324 2779 quo
339 2703 443 2762 libnrm
458 2722 542 2761 suurn
556 2705 598 2761 uir
613 2704 795 2782 doctissimus
809 2705 949 2763 instruxit.

827 2905 861 2963 E.
882 2904 1060 2966 PALMER.

232 3171 259 3218 C.
272 3171 298 3218 C.
310 3171 346 3226 C..
358 3171 445 3226 Oxou,

201 3275 252 3323 Kal.
264 3279 323 3337 Aug.
335 3289 487 3324 nncccnxrm.
