2608 3964
194 354 234 441 58
396 372 547 440 narrant
568 374 676 428 enarr.
692 387 734 440 ⁹3,
750 387 791 440 95,
806 375 923 441 96,101.

611 560 721 616 xCHIL

262 703 319 756 Nu„
337 705 448 758 nimium
466 705 570 770 studeo,
590 706 697 772 Caesar,
715 706 765 759 tibi
784 707 852 760 uelle
870 709 986 776 placere,

297 786 357 848 Nec
373 789 442 840 scire
460 793 553 845 utrum
570 788 605 844 sis
622 788 697 844 albus
714 802 748 842 an
767 795 826 849 ater
844 789 936 846 homo.

618 1022 706 1078 XCV.

264 1171 393 1224 ZMYRNA
410 1168 463 1223 mei
482 1168 584 1220 Cinnae
603 1184 701 1222 nonam
718 1175 781 1238 post
799 1169 916 1239 denique
935 1188 1051 1226 messem

224 1313 226 1318 Ι
298 1254 387 1322 Qarn
405 1256 502 1318 coepta
520 1256 561 1302 est
579 1267 733 1320 nonamque
751 1252 825 1306 edita
842 1259 904 1320 post
921 1255 1048 1322 hiemem,
1144 1307 1148 1316 ,

264 1335 350 1388 Millia
362 1350 429 1388 cum
446 1333 550 1386 interea
568 1333 715 1401 quingenta
734 1334 898 1395 Hortensius
915 1353 971 1389 uno

264 1502 383 1568 Zmyrna
401 1515 479 1551 cauas
497 1498 618 1551 Satrachi
635 1499 742 1566 penitus
760 1500 885 1562 mittetur
903 1501 937 1552 ad
955 1502 1049 1566 undas,
1112 1520 1126 1566 5

299 1581 444 1650 Zmyrnam
463 1597 530 1634 cana
547 1581 594 1633 diu
611 1580 716 1634 saecula
732 1582 902 1648 peruoluent.

263 1667 300 1719 At
317 1665 409 1717 Volusi
427 1663 534 1716 annales
551 1662 672 1724 Paduam
689 1664 841 1717 morientur
858 1664 893 1717 ad
911 1667 994 1734 ipsam

298 1748 335 1800 Et
352 1748 423 1799 laxas
440 1745 571 1802 scombris
589 1761 669 1820 saepe
686 1745 790 1808 dabunt
806 1749 921 1812 tunicas,

263 1832 351 1884 Parua
368 1830 422 1882 mei
440 1827 506 1881 mihi
523 1829 577 1881 sint
595 1828 672 1882 cordi
689 1834 867 1882 monumenta
883 1831 987 1897 sodalis,

289 1908 333 1965 'At
350 1911 464 1980 populus
481 1911 587 1964 tumido
605 1911 720 1977 gaudeat
737 1911 908 1966 Antimacho.
1096 1935 1128 1969 10

545 2112 574 2224 ν’
607 2149 710 2203 xcvi.

262 2292 292 2345 S1
310 2291 455 2361 quicquam
473 2291 554 2350 mutis
571 2296 679 2357 gratum
696 2295 874 2359 acceptumue
891 2289 1018 2358 sepulcris

297 2374 429 2428 Accidere
447 2389 463 2428 a
480 2378 583 2436 nostro,
603 2372 695 2439 Calue,
714 2372 807 2426 dolore
825 2378 925 2441 potest,

262 2458 326 2526 Quo
344 2456 477 2516 desiderio
494 2461 603 2516 ueteres
620 2470 782 2516 renouamus
799 2471 906 2520 amores

297 2541 389 2608 Atque
407 2539 472 2592 olim
488 2538 580 2591 missas
597 2537 692 2590 flemus
709 2537 848 2605 amicitias,

263 2621 346 2674 Certe
364 2636 419 2674 non
436 2626 515 2674 tanto
532 2635 606 2672 mors
623 2619 767 2673 immatura
785 2619 923 2674 dolorei'st
1113 2643 1128 2693 5

298 2703 453 2773 Quintiliae,
472 2707 604 2771 quantum
621 2702 720 2770 gaudet
738 2717 830 2755 amore
848 2708 905 2757 tuo.

633 2941 683 2995 CI.

262 3083 391 3143 Mvtrhs
408 3102 458 3154 per
475 3092 568 3152 gentes
586 3091 615 3139 et
632 3086 717 3140 multa
734 3103 785 3156 per
801 3103 920 3157 aequora
936 3094 1033 3149 uectus

298 3166 423 3220 Aduenio
440 3167 487 3226 has
504 3167 623 3234 miseras,
642 3167 736 3244 frater,
754 3169 789 3223 ad
807 3169 924 3238 inferias,

263 3247 302 3302 Vt
320 3253 349 3302 te
365 3254 506 3316 postremo
524 3251 655 3304 donarem
672 3267 786 3306 munere
803 3254 899 3306 mortis

299 3330 337 3383 Et
353 3336 457 3384 mutam
474 3332 655 3401 nequicquam
673 3333 824 3403 alloquerer
842 3336 967 3390 cinerem
