2608 3964
490 382 643 432 cnrvrar
664 384 772 435 canu.
789 382 833 449 64.

224 534 291 588 inde
309 533 411 588 infecta
428 550 499 601 uago
517 535 678 605 suspendam
697 534 780 588 lintea
798 537 878 603 malo,

215 617 337 694 (Nostros
355 624 387 670 ut
404 618 493 670 luctus
510 623 675 685 nostraeque
693 619 819 672 incendia
837 620 936 672 mentis

222 701 356 752 Carbasus
374 701 520 753 obscurata
537 700 611 753 dicet
629 699 766 766 ferrugine
785 702 900 756 Hibera.

222 784 305 851 Qrod
324 783 373 835 tibi
392 784 414 836 si
433 784 519 836 sancti
535 784 702 836 concesserit
716 775 808 837 'incola
828 785 910 849 ltoni,

222 867 302 935 Qae
320 873 446 920 nostrum
464 882 548 932 genus
566 882 598 918 ac
617 867 695 918 sedes
714 866 863 920 defendere
882 865 1015 920 Erechthi

221 949 335 1015 Annuit,
353 955 385 1001 ut
402 949 473 1001 tauri
492 965 632 1017 respergas
649 950 779 1015 sanguine
798 950 932 1016 dextram,

223 1031 299 1083 Turn
317 1048 384 1085 uero
402 1031 487 1084 facito
505 1037 537 1084 ut
555 1032 671 1084 memori
688 1032 738 1084 tibi
757 1034 867 1086 condita
887 1033 971 1085 corde

223 1114 303 1166 Haec
320 1114 430 1180 uigeant
449 1114 584 1180 mandata,
603 1130 656 1166 nec
673 1114 727 1166 ulla
744 1115 887 1168 oblitteret
905 1121 996 1181 aetas3

222 1197 260 1248 Vt
277 1196 356 1256 simul
374 1213 407 1250 ae
424 1203 531 1249 nostros
550 1197 669 1249 inuisent
687 1197 789 1250 lumina
807 1199 891 1263 collis,

224 1279 372 1331 Funestam
390 1286 526 1332 antennae
544 1279 684 1346 deponant
702 1280 822 1347 undique
840 1285 956 1345 uestem,

187 1413 189 1419 ,
224 1361 399 1430 Candidaque
418 1361 512 1414 intorti
530 1361 673 1413 sustollant
690 1362 751 1414 uela
769 1363 907 1428 rudentes,
944 1406 946 1410 .

224 1446 314 1514 Qam
332 1445 450 1513 primum
468 1460 584 1496 cernens
602 1450 633 1496 ut
651 1445 722 1496 laeta
740 1445 836 1510 gaudia
854 1449 948 1496 mente

222 1530 384 1594 Agnoscam,
403 1543 467 1580 cum
485 1531 514 1580 te
532 1527 663 1579 reducem
682 1533 755 1579 aetas
773 1543 902 1594 prospera
922 1527 1016 1581 sistet!

223 1611 302 1664 Haec
320 1609 447 1664 mandata
466 1611 539 1678 prius
558 1609 696 1661 constanti
714 1616 808 1661 mente
826 1615 968 1662 tenentem

224 1694 333 1746 Thesea
352 1709 404 1746 ceu
422 1692 514 1759 pulsae
533 1697 680 1744 uentorum
699 1691 808 1744 flamine
827 1692 913 1744 nubes

222 1779 343 1829 Aereum
360 1775 434 1827 niuei
453 1775 553 1826 montis
571 1770 675 1842 liquere
693 1790 835 1828 cacumen.
969 1773 970 1778 ’

223 1863 260 1913 At
277 1865 363 1926 pater,
382 1864 413 1910 nt
430 1873 536 1909 summa
553 1863 728 1924 prospectum
748 1873 782 1910 ex
800 1873 863 1911 arce
881 1858 1001 1926 petebat,

223 1943 310 1996 Anxia
329 1941 356 1992 in
375 1939 494 1993 assiduos
513 1940 656 1991 absumens
674 1940 776 1992 lumina
793 1940 880 2006 iletus,

224 2026 295 2077 Cum
312 2025 431 2092 primum
450 2023 533 2075 inflati
551 2023 694 2089 conspexit
711 2022 795 2074 lintea
813 2021 875 2089 ueli,

223 2107 405 2174 Praecipitem
422 2121 481 2158 sese
499 2106 672 2172 scopulorum
691 2121 707 2156 e
725 2106 830 2158 uertice
849 2105 922 2170 iecit,

223 2190 359 2244 Amissum
378 2189 492 2241 credens
510 2188 608 2240 immiti
628 2188 738 2240 Thesea
756 2187 823 2241 sato.

225 2274 268 2326 Sic
286 2272 394 2325 funesta
412 2271 508 2324 domus
526 2271 660 2336 ingressus
678 2277 751 2323 tecta
769 2277 883 2338 paterna

224 2356 319 2408 Morte
337 2353 416 2407 ferox
435 2352 560 2406 Theseus
579 2354 687 2422 qualem
706 2353 823 2406 Minoidi
842 2355 947 2406 luctum

224 2439 368 2492 Obtulerat
386 2442 479 2488 mente
497 2436 642 2488 inmemori
660 2436 743 2488 talem
761 2437 818 2504 ipse
836 2421 949 2504 recepit.

225 2524 303 2591 Qae
321 2528 413 2573 tamen
432 2525 573 2586 aspectans
592 2519 737 2572 cedentem
755 2526 859 2572 m'aesta
877 2521 998 2573 carinam

225 2604 391 2671 Multiplices
409 2602 500 2654 animo
518 2601 647 2653 uoluebat
664 2603 754 2653 saucia
772 2618 858 2654 curas.

223 2691 261 2741 At
280 2692 357 2756 parte
376 2685 478 2737 exalia
496 2684 595 2736 florens
613 2684 746 2736 uolitabat
766 2685 878 2737 lacchus

225 2772 296 2823 Cum
314 2768 401 2820 thiaso
420 2768 579 2834 Satyrorum
597 2773 626 2819 et
645 2766 788 2834 Nysigenis
808 2767 909 2831 Silenis‚

226 2855 269 2906 Te
287 2866 428 2920 quaerens,
449 2848 574 2914 Ariadna,
593 2855 697 2917 tuoque
717 2851 841 2902 incensus
859 2865 961 2902 amore.

225 2937 281 3006 Qri
294 2921 358 2986 'tum
377 2933 478 2985 alacres
496 2933 592 3000 passim
611 2931 748 3000 lymphata
766 2939 859 2984 mente
877 2932 1004 2984 furebant

225 3018 322 3073 Euohe
339 3016 511 3080 bacchantes,
531 3014 620 3067 euohe
641 3015 729 3082 capita
748 3015 925 3067 inflectentes

225 3104 333 3155 Harum
351 3115 412 3166 pars
430 3104 505 3150 tecta
523 3096 682 3165 quatiebant
701 3098 810 3164 cuspide
828 3098 944 3164 thyrsos,

223 3187 290 3239 Pars
309 3199 324 3235 e
343 3181 448 3234 diuulso
467 3180 604 3233 iactabant
621 3181 744 3232 membra
761 3181 885 3246 iuuenco,

225 3271 290 3323 Pars
308 3281 366 3318 sese
384 3266 464 3317 tortis
482 3263 652 3330 serpentibus
669 3264 850 3330 incingebant,

224 3353 291 3407 Pars
308 3349 424 3402 obscura
441 3347 514 3401 cauis
531 3347 705 3399 celebrabant
722 3347 797 3414 orgia
814 3346 896 3413 cistis,
