2608 3964
502 375 651 426 CATVLLI
672 374 779 426 CARM·
795 377 836 426 aa.

230 525 318 578 Crura
335 523 466 591 ponticuli
483 523 596 588 acsiileis
613 524 709 578 stantis
726 524 754 577 in
772 523 906 589 rediuiuis,

229 606 273 660 Ne
290 607 399 675 supinus
417 613 463 660 eat
480 621 601 676 canaque
619 606 647 659 in
666 606 762 674 palude
781 606 937 674 recumbat;

231 691 273 742 Sic
291 689 341 742 tibi
359 689 446 742 bonus
464 705 498 742 ex
516 696 563 743 tua
580 706 649 759 pons
666 690 777 743 libidine
796 689 851 755 fiat,

231 773 263 825 ln
282 788 337 841 quo
354 771 398 824 uel
417 771 567 824 Salisubsali
584 787 661 824 sacra
678 772 869 840 suscipiantur:

230 856 332 909 Munus
348 853 401 907 hoc
419 855 484 906 mihi
501 854 611 906 maximi
629 855 671 921 da,
691 855 811 921 Colonia,
829 855 905 908 risus.

230 938 375 1006 Qendam
393 937 558 1004 municipem
575 951 667 989 meum
685 936 719 989 de
737 941 787 989 tuo
804 936 868 989 uolo
885 942 969 1004 ponte

231 1021 275 1073 lre
292 1021 468 1088 praecipitem
486 1020 514 1072 in
531 1019 619 1071 lutum
637 1034 686 1086 per
704 1024 839 1086 caputque
856 1017 1002 1086 pedesque,

230 1103 332 1157 Verum
349 1101 434 1154 totius
450 1107 483 1154 ut
500 1101 573 1154 lacus
590 1102 754 1170 putidaeque
771 1101 874 1170 paludis
1103 1116 1136 1152 ιο

230 1185 399 1238 Liuidissima
417 1185 587 1252 maximeque
606 1191 647 1238 est
665 1184 799 1254 profunda
815 1201 926 1250 uorago.

231 1268 419 1321 Insulsissimus
436 1273 478 1320 est
495 1267 585 1334 hom0‚
604 1284 655 1320 nec
672 1269 742 1337 sapit
758 1267 834 1336 pueri
852 1269 936 1322 instar

230 1350 328 1404 Bimuii
344 1349 461 1403 tremula
478 1351 561 1417 patris
578 1351 737 1404 dormientis
755 1351 782 1402 in
800 1351 871 1404 ulna.

231 1434 304 1502 Qoi
322 1448 385 1486 cum
402 1433 437 1485 sit
454 1433 616 1486 uiridissimo
634 1440 717 1502 nupta
733 1434 800 1488 tiore
818 1432 908 1502 puella

229 1515 281 1585 (Et
298 1515 385 1584 puella
403 1515 531 1568 tenellulo
549 1515 690 1570 delicatior
706 1516 801 1582 haedo,

229 1599 398 1652 Asseruanda
416 1597 566 1664 nigerrimis
584 1599 736 1666 diligentius
753 1598 837 1670 uuis),

229 1681 339 1736 Ludere
356 1681 427 1736 hanc
444 1681 508 1736 sinit
525 1682 658 1747 utlubet,
677 1697 728 1735 nec
745 1681 790 1750 pili
809 1681 874 1738 facit
891 1681 947 1750 uni,

229 1764 290 1818 Nec
307 1780 336 1818 se
353 1764 474 1817 sublevat
491 1779 525 1818 ex
543 1780 591 1818 sua
607 1769 694 1831 parte,
712 1763 760 1817 sed
777 1765 853 1817 uelut
872 1763 947 1818 alnus

230 1847 264 1900 lu
282 1847 352 1900 fossa
369 1847 462 1913 Liguri
480 1846 550 1900 iacet
568 1852 729 1914 suppernata
746 1847 843 1914 securi,

231 1930 408 1984 Tantundem
425 1930 516 1982 omnia
534 1930 652 1982 sentiens
670 1944 752 1997 quam
769 1929 791 1982 si
808 1929 882 1982 nulla
898 1929 933 1982 sit
950 1926 1071 1998 usquam.
1101 1947 1134 1980 20

230 2013 306 2066 Talis
324 2013 374 2066 iste
392 2029 469 2065 meus
486 2017 581 2080 stupor
598 2012 635 2064 uil
652 2013 738 2079 uidet,
756 2011 822 2065 nihil
839 2011 923 2078 audit,

232 2097 292 2164 lpse
311 2097 357 2164 qui
375 2095 418 2163 sit,
436 2102 528 2149 utrum
546 2095 580 2147 sit
597 2111 631 2148 an
650 2111 705 2147 non
723 2095 767 2161 sit,
785 2094 813 2146 id
831 2109 941 2162 quoque
959 2094 1053 2146 nescit.

230 2180 311 2232 Nunc
329 2195 393 2231 eum
410 2178 474 2231 uolo
492 2179 526 2231 de
545 2183 595 2230 tuo
612 2183 697 2245 ponte
714 2178 824 2230 mittere
842 2193 968 2246 pronum,

232 2263 258 2314 Si
276 2268 340 2330 pote
359 2260 487 2314 stolidum
505 2267 618 2329 repente
636 2261 755 2313 excitare
772 2265 934 2332 ueternum3

231 2345 268 2397 Et
284 2345 409 2412 supinum
427 2344 547 2398 animum
565 2344 592 2396 in
611 2344 686 2410 graui
704 2343 891 2411 derelinquere
911 2358 1006 2409 caeno,
1101 2359 1133 2407 25

232 2427 362 2480 Ferream
379 2432 411 2480 ut
429 2426 528 2479 soleam
547 2428 636 2480 tenaci
655 2427 691 2480 in'
700 2426 829 2493 uoragine
848 2426 929 2478 mula.

618 2664 718 2719 XXII.

232 2785 385 2837 Svnuunvs
403 2785 461 2851 iste,
479 2783 559 2850 Vere,
578 2800 660 2852 quern
678 2784 763 2852 probe
781 2785 861 2852 nosti,

231 2867 326 2920 Homo
344 2873 386 2921 est
404 2873 532 2920 uenustus
551 2872 579 2920 et
597 2868 674 2920 dicax
692 2873 721 2919 et
738 2866 864 2935 urbanus,

232 2949 365 3018 Idemque
382 2950 462 3016 longe
479 2951 608 3018 plurimos
625 2949 690 3002 facit
707 2966 809 3004 uersus.

232 3032 304 3085 Puto
322 3048 380 3085 esse
399 3049 449 3099 ego
469 3034 505 3085 illi
523 3034 596 3086 milia
614 3038 661 3086 aut
678 3033 774 3086 decern
792 3039 839 3087 aut
857 3032 944 3101 plura¹

231 3114 394 3183 Perscripta,
413 3132 464 3168 nec
482 3117 520 3168 sic
538 3123 569 3168 ut
587 3115 618 3167 fit
635 3116 661 3167 in
680 3115 853 3184 palimpsesto

234 3197 345 3250 Relata:
370 3203 461 3251 cartae
479 3200 577 3264 regiae,
595 3198 676 3250 nouei
693 3197 763 3264 libri,

231 3278 304 3332 Noui
321 3280 448 3345 umbilici,
466 3281 523 3333 lora
540 3279 630 3346 rubra,
649 3281 806 3342 membrana

233 3361 353 3416 Derecta
370 3362 489 3431 plumbo,
507 3368 536 3415 et
554 3363 661 3430 pumice
678 3363 769 3416 omnia
786 3368 908 3432 aequata.
