2608 3964
490 357 642 406 carrum
664 359 773 408 cunm
790 357 831 420 63.

232 506 273 558 Ibi
292 509 425 575 Sompnus
443 505 563 558 excitum
581 506 659 558 Attin
678 504 782 571 fugiens
800 505 969 559 citus‘abiit:

230 588 399 658 Trepidante
417 605 480 643 eum
498 589 602 656 recepit
620 590 670 641 dea
689 588 815 641 Pasithea
831 589 899 640 sinu.

232 670 275 724 lta
292 673 327 725 de
345 673 437 741 quiete
455 672 529 724 molli
547 671 639 738 rapida
656 671 713 723 sine
732 670 806 723 rabie

232 755 316 808 Simul
334 755 390 822 ipse
407 760 520 822 pectore
538 754 609 806 Attis
627 770 674 806 sua
690 753 763 806 facta
780 753 903 820 recoluit,

232 837 401 905 Liquidaque
420 843 513 890 mente
531 836 600 888 uidit
617 838 675 888 sine
694 837 769 904 queis
788 837 888 904 ubique
906 836 986 904 foret,

232 921 332 972 Animo
351 925 491 972 aestuante
510 935 602 971 rusum
621 920 739 971 reditum
757 920 791 971 ad
808 920 878 971 uada
895 920 995 972 tetulit.

236 1001 277 1054 lbi
295 1003 379 1055 maria
396 1008 471 1055 uasta
488 1002 578 1054 uisens
596 1002 798 1054 lacrimantibus
816 1002 909 1069 oculiS,

234 1085 354 1138 Patriam
372 1086 488 1137 allocuta
506 1090 635 1136 maestast
652 1085 689 1136 ita
708 1101 777 1137 uoce
795 1085 937 1138 miseriter.

233 1169 342 1221 ‘Patria
360 1185 377 1220 0
396 1169 448 1220 mei
468 1169 595 1232 creatrirr,
613 1168 699 1233 patria
717 1183 734 1219 o
752 1183 813 1220 mea
831 1170 963 1234 genetrix,
1107 1187 1138 1231 50

234 1251 293 1317 Ego
311 1267 392 1318 quam
411 1251 492 1302 miser
510 1250 673 1317 relinquens,
692 1249 815 1302 dominos
834 1257 864 1302 ut
882 1249 1020 1316 herifugae

234 1333 338 1385 Famuli
355 1334 450 1398 solent,
469 1331 503 1384 ad
524 1331 588 1384 ldae
606 1332 685 1383 tetuli
703 1348 815 1385 nemora
833 1333 939 1400 pedem,

233 1415 271 1467 Vt
288 1421 354 1483 aput
372 1416 464 1468 niuem
482 1421 510 1466 et
528 1414 648 1467 feramm
666 1415 754 1480 gelida
770 1415 873 1467 stabula
890 1415 987 1482 forem,

233 1497 270 1550 Et
288 1514 381 1550 earum
399 1497 490 1550 omnia
507 1497 610 1550 adirem
627 1497 773 1550 furibunda
790 1497 906 1563 latibula,
1035 1561 1037 1572 ,

233 1581 349 1634 Vbinam
368 1587 414 1633 aut
432 1580 529 1649 quibus
547 1580 613 1632 locis
631 1585 659 1631 te
677 1580 801 1647 positam,
820 1581 913 1647 patria,
932 1584 1035 1638 neoti,
1107 1600 1137 1645 55

234 1664 316 1731 Cupit
335 1664 390 1731 ipsa
408 1663 506 1730 pupula
524 1663 558 1715 ad
575 1669 605 1714 te
623 1662 673 1714 sibi
691 1663 807 1728 dirigere
825 1663 919 1730 aciem,

234 1747 320 1800 Rable
338 1746 397 1799 fera
414 1762 508 1799 carens
527 1746 592 1798 dum
610 1746 694 1798 breue
712 1753 818 1814 tempus
836 1749 941 1799 animus
958 1753 1008 1800 est.

233 1830 327 1896 Egone
345 1846 361 1882 a
379 1845 440 1882 mea
457 1834 564 1881 remota
581 1830 648 1881 haec
666 1828 739 1881 ferar
756 1830 783 1881 in
802 1846 914 1882 nemora
932 1831 1034 1883 domo?

233 1913 332 1978 Patria,
351 1913 437 1979 bouis,
456 1912 556 1978 amicis,
576 1911 742 1977 genitoribus
760 1913 862 1966 abero?

234 1996 326 2048 Abero
344 1994 415 2060 foro,
433 1996 571 2062 palaestra,
590 1995 678 2046 stadio
697 2001 726 2047 et
744 1995 905 2062 gymnasiis?
1106 2001 1139 2047 60

233 2082 319 2135 Miser
335 2081 368 2134 ah
386 2082 474 2148 miser,
489 2081 658 2149 querendum
677 2087 718 2132 est
737 2082 820 2133 etiam
838 2088 920 2150 atque
938 2082 1028 2148 etiam,
1042 2083 1138 2136 anime.

234 2164 316 2232 Qod
335 2165 407 2216 enim
425 2180 510 2228 genus
529 2164 663 2229 figuraest,
683 2179 733 2228 ego
752 2180 807 2216 non
825 2164 900 2232 quod
918 2165 1051 2218 obierim?

234 2248 292 2313 Ego
310 2246 415 2311 mulier,
433 2263 484 2312 ego
503 2247 667 2311 adolescenS,
687 2262 738 2312 ego
756 2247 883 2314 ephebus,
902 2263 953 2313 ego
971 2264 1046 2315 puer,

234 2330 293 2396 Ego
310 2330 448 2397 gymnasei
466 2328 504 2380 fui
523 2328 579 2394 flos,
599 2344 650 2394 ego
668 2344 742 2381 eram
761 2330 843 2382 decus
862 2330 930 2382 olei:

233 2412 302 2464 Mihi
321 2413 416 2464 ianuae
433 2410 599 2479 frequentes,
618 2411 683 2462 mihi
701 2412 793 2464 limina
810 2413 910 2479 tepida,
1107 2419 1120 2465 6
1125 2432 1137 2477 5

233 2495 302 2547 Mihi
320 2495 422 2547 floridis
440 2495 547 2547 corollis
565 2495 691 2547 redimita
708 2496 804 2548 domus
822 2501 889 2560 erat,

232 2577 424 2646 Linquendum
442 2577 488 2628 ubi
506 2581 578 2629 esset
595 2583 658 2629 orto
676 2577 741 2628 mihi
761 2579 822 2630 Sole
840 2576 1002 2631 cubiculum.

233 2661 292 2726 Ego
311 2660 483 2727 nuncdeum
501 2659 622 2711 ministra
642 2663 672 2710 et
690 2659 805 2726 Cybeles
823 2659 922 2712 famula
939 2660 1031 2714 ferar?

234 2744 293 2810 Ego
311 2743 432 2807 Maenas
451 2758 502 2807 ego
520 2742 575 2793 mei
594 2757 662 2808 pars,
681 2757 732 2807 ego
750 2742 792 2794 uir
810 2743 907 2795 sterilis
925 2747 995 2797 ero?

234 2825 292 2892 Ego
310 2825 402 2878 uiridis
420 2824 506 2891 algida
526 2824 589 2877 ldae
608 2825 670 2876 niue
688 2824 788 2877 amicta
805 2825 866 2878 loca
884 2826 991 2880 colam?
1107 2844 1139 2891 70

233 2908 292 2975 Ego
310 2910 395 2960 uitam
413 2923 490 2974 agam
508 2907 635 2959 subaltls
654 2906 786 2975 Phrygiae
805 2909 991 2975 columinibus,

233 2991 287 3043 Vbi
304 3007 386 3044 cerua
404 2991 569 3055 siluicultrix,
588 2990 635 3042 ubi
653 3005 718 3056 aper
736 2991 944 3058 nemoriuagus?

234 3073 293 3125 lam
311 3072 363 3124 iam
382 3071 457 3124 dolet
475 3072 550 3139 quod
568 3072 618 3138 egi,
637 3071 691 3123 iam
709 3072 816 3140 iamque
834 3073 972 3140 paenitet!

212 3167 217 3176 ·
235 3156 330 3208 Roseis
347 3162 378 3207 ut
396 3155 458 3206 huic
476 3153 577 3206 labellis
594 3155 697 3206 sonitus
715 3155 785 3207 citus
802 3155 876 3223 abiit,

234 3239 362 3292 Geminas
379 3237 493 3290 deorum
511 3237 545 3290 ad
563 3253 641 3289 aures
659 3253 730 3290 noua
747 3239 842 3292 nuntia
859 3238 989 3309 referens,

236 3321 278 3375 lbi
296 3321 387 3374 iuncta
404 3321 465 3387 iuga
482 3320 620 3375 resoluens
639 3321 741 3390 Cybele
760 3321 882 3375 leonibus
