2608 3964
196 390 241 469 46

498 401 651 451 CATVLLI
672 401 781 451 CARM.
797 402 839 453 66.

267 551 393 603 Vbertim
411 550 522 604 thalami
541 569 608 620 quas
625 553 697 606 intra
715 553 807 606 limina
825 552 965 611 fundunt?

303 634 375 700 Non,
394 635 432 687 ita
449 650 494 687 me
513 635 576 700 diui,
596 652 662 688 uera
679 643 799 702 gemunt,
819 636 927 690 luerint.

268 717 301 770 ld
318 734 379 770 mea
398 734 443 770 me
461 719 552 771 multis
570 719 664 772 docuit
681 721 775 785 regina
794 719 920 787 querellis

304 802 443 854 Inuisente
461 818 534 854 nouo
553 803 652 869 praelia
669 808 750 855 torua
767 803 837 855 uiro.

266 886 305 936 At
323 890 355 937 tu
373 901 428 936 non
447 885 545 937 orbum
563 885 630 937 luxti
650 885 758 938 deserta
776 885 873 953 cubile,

304 969 350 1021 Set
368 968 460 1022 fratris
479 971 535 1022 cari
553 969 642 1021 flebile
662 969 824 1023 discidium?

267 1052 339 1105 Cum
356 1052 463 1121 penitus
481 1059 597 1104 maestas
615 1053 707 1104 exedit
725 1069 790 1105 cura
808 1052 957 1108 medullas!

303 1135 341 1187 Vt
358 1136 407 1187 tibi
426 1142 492 1188 tunc
510 1142 571 1188 toto
589 1142 703 1202 pectore
722 1135 852 1187 sollicitae

270 1217 397 1271 Sensibus
415 1220 516 1286 ereptis
534 1234 611 1270 meus
630 1218 749 1271 excidit!
776 1224 805 1270 at
823 1225 852 1270 te
871 1233 922 1283 ego
941 1223 1017 1271 certe
1108 1237 1141 1284 25

303 1302 458 1367 Cognoram
476 1319 492 1354 a
510 1317 593 1368 parua
611 1303 715 1366 uirgine
734 1301 941 1366 magnanimam.

266 1386 346 1440 Anne
364 1385 467 1437 bonum
486 1385 569 1437 oblita
587 1383 616 1436 e's
634 1383 745 1450 lacinus,
764 1401 820 1451 quo
838 1385 942 1449 regium
960 1383 1081 1452 adepta's

303 1469 474 1534 Coniugium,
494 1468 568 1536 quod
586 1484 641 1519 non
660 1467 758 1540 fortior
776 1468 846 1520 ausit
864 1468 929 1520 alisi

267 1552 321 1604 Sed
338 1557 399 1604 tum
417 1558 519 1604 maesta
537 1553 626 1603 uirum
645 1552 757 1603 mittens
775 1567 845 1618 quae
863 1548 948 1602 uerba
965 1551 1056 1604 locuta
1074 1556 1119 1605 es!

304 1636 432 1703 luppiter,
452 1641 483 1687 ut
501 1635 571 1686 tristi
591 1635 691 1686 lumina
709 1650 788 1701 saepe
807 1637 904 1688 manu!
1108 1653 1141 1702 30

268 1718 337 1785 Quis
356 1723 384 1769 te
403 1718 519 1770 mutauit
537 1723 630 1769 tantus
648 1719 733 1770 deus?
758 1734 792 1768 an
812 1717 885 1783 quod
904 1723 1026 1770 amantes

302 1799 366 1852 Non
384 1800 464 1866 longe
483 1817 499 1852 a
517 1816 581 1852 caro
599 1816 714 1867 corpore
734 1800 827 1852 abesse
845 1802 960 1853 uolunt?

266 1885 359 1951 Atque
378 1882 413 1934 ibi
433 1899 478 1935 me
498 1885 602 1935 cunctis
620 1900 670 1950 pro
689 1884 760 1935 dulci
780 1883 894 1948 coniuge
913 1883 982 1936 diuis

301 1965 365 2018 Non
383 1967 440 2018 sine
458 1966 566 2018 taurino
584 1968 713 2031 sanguine
732 1965 849 2032 pollicita
867 1981 904 2031 es,

267 2049 293 2100 Si
312 2049 436 2117 reditum,
449 2049 591 2101 tetulisset.
630 2050 657 2100 ls
675 2049 740 2101 haut
759 2048 786 2100 in
804 2056 930 2114 ternpore
948 2048 1031 2115 longo
1106 2067 1139 2116 35

302 2133 416 2199 Captam
435 2133 526 2184 Asiam
544 2133 661 2200 Aegypti
680 2133 776 2200 finibus
794 2132 945 2186 addiderat.

267 2215 335 2280 Quis
352 2230 404 2280 ego
422 2231 472 2281 pro
491 2214 568 2267 factis
587 2215 695 2267 caelesti
715 2215 821 2267 reddita
840 2220 922 2267 coetu

302 2297 418 2350 Pristina
436 2304 502 2349 uota
520 2313 593 2349 nouo
612 2314 725 2350 munere
744 2298 871 2352 dissolu0.

267 2381 366 2446 lnuita,
385 2396 402 2432 o
421 2380 520 2446 regina,
539 2387 588 2432 tuo
606 2381 640 2432 de
659 2380 763 2432 uertice
781 2381 857 2446 cessi,

303 2464 408 2516 inuita:
433 2464 529 2516 adiuro
546 2470 629 2531 teque
647 2470 781 2531 tuumque
799 2471 890 2531 caput,
1105 2484 1140 2532 40

267 2547 356 2613 Digna
373 2547 446 2599 ferat
464 2546 538 2614 quod
556 2546 637 2613 siquis
655 2547 773 2598 inaniter
791 2546 939 2602 adiurarit:

302 2630 354 2682 Sed
373 2631 420 2698 qui
438 2645 467 2681 se
486 2629 559 2682 ferro
577 2629 697 2697 postulet
716 2645 773 2681 esse
791 2633 902 2696 parem?
937 2667 938 2670 κ

268 2711 317 2764 llle
336 2727 445 2780 quoque
464 2727 574 2763 euersus
591 2727 669 2763 mons
687 2718 738 2776 est,
757 2727 839 2778 quem
858 2711 1007 2764 maximum
1024 2711 1053 2764 in
1072 2714 1127 2765 oris

301 2794 448 2860 Progenies
467 2793 556 2846 Thiae
574 2794 647 2846 clara
664 2793 862 2861 superuehitur,

265 2878 337 2931 Cum
353 2878 430 2929 Medi
448 2893 578 2945 peperere
597 2893 699 2929 nouum
717 2889 799 2942 mure,
813 2878 1073 2946 cumque·iuueutus
1103 2896 1135 2943 45

276 2957 283 2974 '
301 2961 356 3013 Per
373 2961 492 3013 medium
508 2961 587 3013 classi
604 2961 719 3012 barbara
737 2961 812 3013 nauit
830 2961 931 3014 Athon.

267 3045 342 3113 Qid
360 3043 462 3097 facient
480 3045 576 3109 crines,
595 3060 658 3096 cum
676 3044 750 3096 ferro
768 3044 833 3096 talia
850 3044 969 3097 cedant?

303 3128 432 3194 luppiter,
450 3134 482 3179 ut
501 3127 652 3195 Chalybum
670 3142 751 3179 omne
769 3143 853 3193 genus
871 3133 974 3194 pereat,

267 3211 304 3264 Et
323 3211 369 3278 qui
387 3211 519 3278 principio
538 3210 587 3263 sub
605 3218 680 3263 terra
698 3226 829 3277 quaerere
848 3226 931 3263 uenas

304 3293 406 3346 Institit
424 3310 456 3346 ac
473 3293 539 3345 ferri
557 3295 690 3359 stringere
709 3293 854 3346 duritiem!
1102 3310 1137 3358 50

266 3378 417 3432 Abiunctae
436 3376 515 3444 paulo
532 3382 596 3429 ante
614 3392 709 3428 comae
727 3391 788 3428 mea
806 3375 862 3428 fata
879 3392 987 3430 sorores

301 3461 453 3528 Lugebant‚
472 3475 535 3512 cum
553 3475 582 3512 se
600 3458 757 3512 Memnonis
775 3458 916 3526 Aethiopis
