2608 3964
479 384 630 436 carrum
651 386 761 439 canu.
779 387 820 449 63.
1080 393 1119 460 29

213 531 286 588 Nulli
304 533 379 589 illum
396 535 481 603 pueri,
500 535 589 589 nullae
607 542 738 605 optauere
755 536 878 604 puellae:

214 619 258 670 Sic
275 618 361 685 uirgo,
379 619 445 674 dum
463 619 566 672 intacta
584 625 686 686 manet,
704 619 769 672 dum
787 634 852 672 cara
868 617 922 672 suis
940 625 997 687 est3
1054 618 1119 689 (45)

151 748 155 761 ,
214 700 285 752 Cum
302 706 408 754 castum
426 702 515 754 amisit
533 702 637 769 polluto
655 717 771 770 corpore
789 702 894 766 florem,
1084 719 1118 768 55

213 781 273 836 Nec
291 785 382 851 pueris
400 784 516 837 iucunda
534 789 636 850 manet,
654 801 706 838 nec
724 801 787 838 cara
804 784 908 852 puellis.

214 864 327 933 Hymen
344 882 363 920 ο
381 867 552 937 Hymenaee,
572 868 684 937 Hymen
702 869 802 921 adeso
821 867 1001 934 Hymenaee!

582 1027 719 1068 IVVENES.

173 1133 175 1136 ’
215 1131 253 1185 vt
270 1133 352 1186 uidua
370 1134 397 1186 in
416 1135 489 1187 nudo
506 1135 571 1187 uitis
589 1149 659 1203 quae
678 1133 798 1186 nascitur
815 1149 890 1200 aruo,

214 1213 362 1284 Nunquam
379 1233 409 1269 se
427 1218 541 1283 extollit,
558 1233 697 1284 nunquam
715 1218 810 1269 mitem
829 1217 928 1269 educat
945 1233 1034 1284 uuam,
1054 1215 1118 1287 (5ο)

217 1299 270 1350 Sed
288 1305 414 1352 tenerum
433 1315 520 1366 prono
537 1299 686 1352 deflectens
704 1299 826 1366 pondere
845 1315 951 1366 corpus,
1083 1302 1118 1351 ⁶0

217 1380 274 1435 lam
293 1383 347 1434 iam
365 1382 498 1448 contingit
516 1398 651 1434 summum
669 1381 760 1434 radice
778 1381 919 1448 flagellum,

216 1464 298 1516 Hanc
316 1463 381 1516 nulli
399 1464 541 1531 agricolae,
559 1464 625 1517 nulli
643 1464 752 1517 coluere
771 1465 897 1518 iuuenci:

214 1548 252 1599 At
269 1547 290 1598 si
308 1546 381 1600 forte
399 1549 495 1600 eadem
514 1553 555 1600 est
572 1547 646 1599 ulmo
664 1547 810 1599 coniuncta
827 1546 934 1613 marito,

216 1629 298 1681 Multi
317 1629 389 1682 illam
407 1629 547 1695 agricolae,
566 1629 644 1681 multi
662 1629 805 1682 accoluere
824 1629 948 1682 iuuencI:
1050 1627 1118 1700 (55)

217 1711 260 1764 Sic
278 1712 354 1778 uirgo
373 1712 438 1764 dum
458 1711 560 1765 intacta
578 1717 679 1778 manet,
698 1712 763 1764 dum
781 1711 884 1764 inculta
901 1713 1032 1781 senescit3
1083 1715 1116 1777 ⁶5

216 1795 286 1846 Cum
303 1811 354 1862 par
371 1794 517 1850 conubium
535 1801 644 1848 maturo
662 1801 786 1862 tempore
804 1796 901 1863 adepta
920 1801 971 1862 est,

216 1878 286 1930 Cara
303 1879 364 1930 uiro
382 1879 467 1944 magIs
483 1883 513 1931 et
529 1879 618 1930 minus
636 1883 678 1930 est
696 1878 781 1930 inuisa
798 1878 914 1946 parenti.

214 1960 251 2013 Et
267 1966 300 2012 tu
317 1975 352 2014 ne
370 1976 460 2028 pugna
479 1977 542 2014 cum
560 1961 607 2013 tali
625 1961 740 2027 coniuge
758 1961 843 2026 ulrgo,

215 2041 278 2096 Non
296 2058 414 2111 aequom
428 2050 473 2097 est
492 2058 619 2111 pugnare,
637 2050 714 2110 pater
731 2044 776 2096 cui
794 2043 906 2097 tradidit
923 2045 988 2114 lpse,
1053 2041 1117 2113 (60)

214 2125 276 2194 Ipse
293 2133 373 2194 pater
390 2142 453 2179 cum
471 2133 567 2192 matre,
586 2126 684 2194 quibus
701 2141 797 2194 parere
815 2142 926 2179 necesse
944 2133 994 2181 est.
1083 2142 1117 2192 70

213 2291 359 2358 Virginitas
376 2308 432 2346 non
450 2297 509 2345 tota
525 2297 574 2344 tua
591 2295 641 2358 est,
659 2307 694 2344 ex
711 2295 789 2359 parte
807 2295 951 2360 parentum
969 2297 1020 2358 est,

213 2375 310 2428 Tertia
328 2391 389 2442 pars
405 2376 509 2443 patrlst‚
528 2390 589 2443 pars
607 2380 649 2428 est
667 2375 730 2427 data
747 2375 830 2427 tertia
847 2374 937 2440 matri,

212 2456 310 2510 Tertia
328 2458 385 2511 sola
402 2463 449 2511 tua
467 2463 526 2511 est:
550 2457 606 2509 noli
624 2473 743 2525 pugnare
761 2457 876 2522 duobus,

212 2541 269 2608 Qui
286 2557 389 2606 genero
407 2556 454 2593 sna
473 2541 531 2592 iura
548 2540 627 2592 slmul
645 2556 708 2593 cum
727 2540 793 2592 dote
811 2539 956 2592 dederunt.
1004 2554 1036 2606 75
1051 2538 1116 2613 (65)

212 2624 323 2692 Hymen
341 2638 359 2676 ο
378 2623 549 2691 Hymenaee,
568 2623 682 2692 Hymen
700 2622 764 2676 ades
781 2639 799 2675 o
818 2623 998 2692 Hymenaee!

589 2832 699 2886 LXIII.

209 2968 307 3020 SVPER
326 2965 380 3020 alta
395 2972 491 3020 uectus
509 2967 581 3019 Attis
599 2965 681 3019 celeri
699 2971 758 3019 rate
776 2966 869 3032 maria,

208 3050 356 3118 Phrygium
373 3057 404 3102 ut
422 3066 517 3103 nemus
535 3051 619 3102 citato
638 3049 734 3116 cupide
753 3049 822 3116 pede
840 3049 940 3118 tetigit,

207 3133 337 3201 Adiitque
355 3147 439 3200 opaca
456 3132 529 3185 siluis
547 3133 673 3185 redimita
690 3131 750 3184 loca
767 3133 842 3199 deae,

208 3215 364 3267 Stimulatus
382 3215 419 3267 ibi
437 3215 538 3267 furenti
558 3216 641 3282 rabie,
659 3231 743 3282 uagus
761 3217 864 3284 animis,

207 3297 338 3350 Dcuoluit
355 3298 389 3351 ile
407 3304 488 3352 acuto
506 3298 555 3350 sibi
573 3298 694 3366 pondere
711 3299 799 3353 silicis,
1098 3316 1111 3362 5

208 3378 304 3450 Itaque
321 3385 353 3434 ut
371 3380 466 3435 relicta
482 3381 567 3434 sensit
583 3381 634 3434 sibi
652 3383 775 3436 membra
791 3383 849 3436 sine
866 3382 937 3452 uiro,
