2608 3964
468 398 619 450 camut
639 396 749 452 GARM.
765 410 806 465 πο,
823 410 863 462 72.

267 544 327 600 Nec
344 549 438 600 tamen
454 545 499 599 illa
515 545 581 599 mihi
598 544 709 600 dexstia
726 544 843 599 deducta
860 551 974 615 paterna

304 628 477 696 Flagrantem
494 628 604 698 Assyrio
621 629 698 682 uenit
715 628 801 682 odore
818 629 938 697 domum,

268 711 322 765 Sed
338 710 441 766 furtiue
458 711 534 765 dedit
550 711 619 766 mira
636 711 796 766 munuscula
812 717 904 780 nocte,
994 716 1042 778 κός
1054 711 1137 784 (145)

303 794 388 862 Ipsius
406 810 441 846 ex
459 794 518 862 ipso
534 794 646 862 dempta
661 793 715 848 uiri
731 794 846 861 gremio.
915 811 916 816 ¹

268 878 361 945 Quare
379 876 445 929 illud
462 877 525 930 satis
543 882 593 943 est,
610 877 633 928 si
651 877 729 930 nobis
746 876 769 929 is
785 876 867 930 datur
883 877 952 942 unis,

303 960 396 1030 Qem
412 958 500 1027 lapide
518 959 562 1012 illa
579 958 652 1012 diem
670 957 826 1012 candidiore
844 963 930 1012 notat.

170 1025 173 1033 ’
250 1021 333 1095 'Hoc
350 1041 408 1108 tibi,
426 1040 500 1110 quod
517 1041 603 1110 potui,
622 1039 780 1094 confectum
797 1041 917 1094 carmine
935 1057 1032 1095 munus

302 1124 357 1178 Pro
374 1124 474 1191 multis,
492 1123 553 1190 Alli,
571 1122 696 1176 redditur
713 1121 815 1189 officiis,
992 1139 1042 1188 170
1054 1122 1136 1194 (150)

267 1205 311 1260 Ne
327 1212 450 1260 uestrum
467 1206 561 1259 scabra
578 1210 673 1271 tangat
689 1205 814 1271 rubigine
831 1221 933 1259 nornen

302 1289 381 1344 Haec
399 1294 482 1358 atque
500 1289 545 1342 illa
562 1287 620 1342 dies
637 1293 721 1355 atque
739 1287 790 1340 alia
807 1292 890 1356 atque
908 1287 967 1342 alia.

268 1372 332 1425 Huc
349 1371 452 1426 addent
467 1370 523 1424 diui
541 1385 623 1440 quam
641 1369 763 1438 plurima,
781 1384 851 1438 quae
869 1369 983 1424 Themis
1001 1370 1065 1424 olim

301 1454 426 1522 Antiquis
443 1453 521 1508 solita
538 1458 580 1506 est
598 1467 711 1506 munera
728 1451 801 1506 ferre
818 1451 876 1520 piis.

267 1536 329 1590 sitis
346 1536 438 1592 felices
455 1542 486 1590 et
502 1542 534 1590 tu
551 1535 630 1588 simul
648 1540 678 1589 et
694 1540 742 1589 tua
759 1534 825 1602 uite,
991 1549 1038 1600 175
1052 1533 1134 1605 (155)

300 1619 338 1673 Et
355 1620 451 1673 domus
468 1619 525 1688 ipsa
542 1619 570 1671 in
587 1634 642 1687 qua
658 1617 768 1672 lusimus
784 1622 814 1670 et
832 1616 948 1684 domina,

267 1701 303 1756 Et
321 1702 367 1771 qui
385 1701 516 1770 principio
534 1702 612 1755 nobis
628 1716 688 1756 rem
705 1699 828 1754 condidit
845 1701 941 1767 Anser,
1026 1738 1028 1744 ·

300 1786 325 1837 A
343 1800 399 1854 quo
415 1789 479 1837 sunt
497 1785 585 1852 primo
603 1783 694 1837 omnia
710 1789 774 1836 nate
790 1782 872 1837 bone.

267 1865 302 1919 Et
320 1867 399 1934 longe
417 1871 480 1920 ante
498 1881 593 1920 omnes
609 1865 676 1919 mihi
694 1880 763 1934 quae
780 1879 825 1918 me
844 1865 932 1918 carior
949 1865 1007 1933 ipso
1024 1870 1074 1927 est,

298 1950 359 2003 Lux
377 1965 446 2016 mea,
464 1965 518 2018 qua
534 1948 598 2002 uiua
615 1949 709 2002 uiuere
726 1947 806 2002 dulce
823 1947 889 2002 mihi
906 1953 956 2001 est.
990 1951 1039 2000 180
1051 1945 1133 2018 (160)

616 2221 710 2276 LXX.

263 2390 359 2444 Nvuu
377 2407 406 2448 se
424 2391 491 2444 dicit
508 2389 605 2444 mulier
622 2406 683 2443 mea
702 2390 805 2444 nubere
823 2391 902 2446 maile

298 2475 388 2542 Quam
406 2474 480 2540 mihi,
499 2489 554 2527 non
571 2473 594 2526 si
612 2489 641 2526 se
660 2473 782 2542 luppiter
800 2475 855 2542 ip‘se
873 2480 957 2543 petat.

263 2555 355 2612 Dicit:
379 2556 427 2610 sed
444 2556 541 2609 mulier
559 2556 657 2624 cupido
676 2555 749 2625 quod
767 2557 833 2611 dicit
850 2559 960 2626 amanti,

297 2640 331 2694 In
347 2644 433 2695 uento
450 2645 479 2694 et
496 2639 589 2708 rapida
605 2639 725 2694 scribere
742 2646 851 2709 oportet
868 2657 946 2710 aqua.

596 2910 721 2964 LXXII.
770 2933 774 2941 ·

262 3081 391 3135 Dicuuns
408 3079 544 3149 quondam
561 3079 648 3132 solum
664 3085 693 3132 te
712 3095 790 3132 nosse
808 3079 953 3147 Catullum,

295 3163 400 3229 Lesbia,
418 3178 470 3215 nec
486 3178 551 3230 prae
569 3177 613 3214 me
631 3161 701 3214 uelle
717 3166 813 3214 tenere
832 3161 937 3217 Iouem.

261 3245 351 3300 Dilexi
369 3249 428 3299 tum
445 3251 475 3298 te
492 3260 548 3296 non
565 3249 672 3296 tantum
689 3248 721 3296 ut
737 3243 832 3310 uulgus
848 3244 971 3314 amicam,

297 3329 350 3384 Sed
367 3334 445 3398 pater
461 3333 492 3382 ut
509 3332 604 3395 gnatos
622 3326 706 3393 diligit
722 3332 752 3381 et
768 3342 891 3396 generos.
