2608 3964
459 385 501 436 CA
508 384 614 436 Tm!
633 383 743 436 CARM·
757 387 853 449 82-84.

577 653 737 710 LXXXII.
844 601 853 622 ι

258 806 381 875 Quum,
399 805 421 859 si
439 804 490 859 tibi
508 806 549 859 uis
567 806 660 860 oculos
678 807 780 862 debere
799 807 935 863 Catullum

291 889 348 941 Aut
366 887 438 942 aliud
454 888 477 941 si
495 888 561 957 quid
579 891 667 943 carIus
685 896 727 944 est
745 891 837 959 oculis,

257 970 369 1038 Eripere
387 971 412 1023 ei
429 971 494 1038 noli,
513 972 600 1026 multo
618 973 693 1042 quod
710 975 798 1028 carius
816 974 854 1028 illi

292 1054 341 1107 Est
359 1053 444 1107 oculis
461 1068 511 1107 seu
528 1053 594 1123 quid
611 1056 700 1110 carius
718 1063 760 1112 est
778 1058 872 1116 oculis.

569 1327 744 1383 LXXXIII.

256 1480 366 1533 Lusum
383 1481 421 1533 mi
438 1487 581 1549 praesente
598 1482 659 1536 uiro
677 1483 748 1536 mala
764 1483 880 1551 plurima
897 1481 980 1540 dreit:

293 1562 372 1616 Haec
390 1563 427 1616 illi
444 1563 521 1617 fatuo
538 1565 656 1618 maxima
673 1565 776 1619 laetitia
793 1572 844 1621 est.

257 1643 343 1711 Mule,
362 1644 426 1698 nihil
444 1646 545 1701 sentis:
570 1646 592 1699 si
610 1647 698 1700 nostri
715 1647 800 1702 oblita
817 1652 933 1715 taceret,

293 1727 362 1781 Sana
379 1734 465 1784 esset:
491 1745 564 1782 nunc
582 1731 656 1799 quod
674 1731 769 1798 gannit
786 1736 815 1785 et
831 1730 998 1799 obloquitur,

256 1808 321 1863 Non
338 1809 425 1863 solum
444 1811 578 1878 meminit,
591 1812 648 1878 sed,
663 1828 733 1881 quae
751 1813 838 1867 multo
856 1814 945 1869 acrior
963 1815 1005 1866 est
1022 1827 1075 1880 res,
1113 1829 1128 1879 5

293 1893 366 1946 Irata
384 1898 441 1948 est:
465 1893 518 1948 hoc
536 1899 587 1962 est,
605 1896 694 1949 uritur
712 1900 741 1950 et
758 1896 887 1966 loquitur.

569 2184 738 2240 LXXXIV.

256 2337 429 2390 Gnouuona
449 2337 566 2405 dicebat,
584 2338 607 2391 si
625 2339 735 2407 quando
753 2338 899 2393 commoda
915 2337 999 2395 uellet

292 2419 401 2487 Dicere,
419 2426 448 2473 et
464 2420 571 2473 insidias
588 2422 683 2474 Arrius
700 2420 835 2487 hinsidias,

256 2502 294 2555 Et
311 2507 371 2554 tum
389 2501 501 2556 mirifice
519 2504 644 2572 sperabat
662 2521 691 2556 se
710 2519 768 2557 esse
786 2504 918 2571 locutum,

292 2585 364 2637 Cum
382 2592 515 2654 quantum
532 2592 640 2654 poterat
658 2587 764 2640 dixerat
781 2585 917 2642 hiusidias.

257 2666 357 2734 Credo,
375 2667 414 2720 sic
432 2673 528 2736 mater,
546 2669 584 2722 sic
603 2669 688 2721 Liber
705 2668 853 2723 auunculus
871 2669 938 2737 eius,
1113 2686 1129 2738 5

292 2748 336 2803 Sic
353 2754 492 2804 maternus
510 2766 576 2803 auus
594 2751 700 2804 dixerat
717 2757 800 2821 atque
818 2752 887 2806 auia.

257 2832 322 2886 Hoc
339 2832 421 2885 misso
439 2831 467 2885 in
486 2833 590 2901 Syriam
608 2835 765 2903 requierant
784 2835 911 2887 omnibus
928 2843 1021 2890 aures:

291 2913 430 2968 Audibant
448 2915 543 2969 eadem
561 2916 629 2969 haec
646 2917 745 2970 leniter
763 2923 792 2971 et
809 2916 917 2985 leuiter,

257 2995 316 3051 Nee
334 2996 384 3050 sibi
402 2997 508 3066 postilla
525 2999 685 3052 metuebant
704 2999 768 3053 talia
785 2998 878 3068 uerba,

292 3080 363 3133 Cum
381 3080 471 3134 subito
490 3080 603 3134 affertur
621 3081 731 3133 nuntius
749 3081 895 3150 horribilis,
1095 3098 1129 3138 ιο

258 3162 351 3216 Ionios
367 3162 472 3230 fluctus,
490 3169 633 3232 postquam
652 3163 714 3216 illuc
733 3164 827 3217 Arrius
845 3164 918 3233 isset,

293 3244 352 3300 Iam
369 3259 425 3298 uon
445 3245 537 3300 Ionios
554 3262 621 3314 esse,
639 3245 688 3300 sed
707 3247 833 3303 Hionios.
