2608 3964
486 407 637 459 carram
659 406 768 458 canu.
785 406 825 470 ⁶4·

218 559 371 612 Extenuata
390 571 487 623 gerens
504 556 606 608 ueteris
623 555 737 620 uestigia
754 569 868 621 poenae,

218 645 308 712 Qam
325 640 464 709 quondam
482 639 547 691 silici
567 639 707 691 restrictus
726 636 849 690 membra
867 643 963 690 catena
1038 703 1043 714 ἡ

217 725 352 778 Persoluit
369 724 491 791 pendens
509 738 525 774 e
542 721 691 774 uerticibus
708 719 868 788 praeruptis.

198 807 284 859 'Inde
302 813 381 874 pater
398 805 492 856 diuum
510 810 603 856 sancta
620 818 684 855 cum
702 803 817 867 coniuge
835 802 960 869 natisque

216 889 338 942 Aduenit
356 887 440 953 caelo,
458 892 487 939 te
505 887 601 952 solum,
619 884 740 952 Phoebe,
759 884 922 951 relinquens,

217 972 423 1038 Vnigenamque
441 970 519 1022 simul
537 969 680 1021 cultricem
698 967 837 1020 montibus
857 967 929 1020 Idri:

219 1054 301 1106 Pelea
319 1069 382 1105 nam
400 1059 494 1106 tecum
512 1052 616 1118 pariter
633 1067 711 1103 soror
728 1055 871 1118 aspernata
889 1055 940 1116 est,

218 1136 278 1190 Nec
297 1135 424 1189 Thetidis
441 1136 534 1188 taedas
553 1133 639 1186 uoluit
657 1134 796 1186 celebrare
814 1132 915 1199 iugalis.

219 1220 275 1286 Qu
292 1234 423 1286 posquam
442 1218 527 1269 niueis
545 1217 680 1269 flexerunt
697 1215 806 1268 sedibus
824 1223 907 1281 artus,

218 1303 307 1368 Large
324 1300 465 1369 multiplici
483 1305 657 1352 constructae
674 1305 737 1350 sunt
749 1299 818 1365 dape
837 1313 954 1364 mensae,

220 1385 291 1437 Cum
308 1384 412 1436 interea
425 1381 537 1437 infirmo
555 1381 708 1449 quatientes
725 1397 841 1448 corpora
857 1385 936 1434 motu

219 1465 361 1519 Veridicos
380 1465 482 1518 Parcae
500 1469 651 1532 coeperunt
670 1464 752 1516 edere
770 1469 875 1516 cantus,

220 1549 273 1602 His
290 1565 389 1616 corpus
407 1549 554 1600 tremulum
573 1547 758 1614 complectens
777 1546 898 1613 undique
916 1545 999 1598 uestis

220 1631 343 1684 Candida
359 1645 495 1699 purpurea
511 1629 580 1682 talos
598 1630 749 1681 incinxerat
767 1643 824 1694 ora,

219 1717 257 1767 At
275 1729 355 1766 roseo
375 1714 470 1764 niueae
490 1711 646 1764 residebant
664 1711 768 1763 uertice
787 1711 881 1777 uittae,

220 1800 425 1863 Aeternumque
444 1810 539 1847 manus
557 1793 704 1861 carpebant
722 1794 774 1846 rite
793 1793 925 1848 laborem.

220 1881 313 1933 Laeua
330 1878 421 1931 colum
439 1877 513 1930 molli
531 1878 592 1930 lana
609 1877 746 1928 retinebat
763 1877 901 1943 amictum,

222 1963 343 2015 Dextera
361 1967 420 2013 turn
439 1959 537 2013 leuiter
554 1960 692 2012 deducens
710 1959 754 2011 fila
771 1959 872 2027 supinis

223 2043 370 2097 Formabat
387 2042 484 2109 digitis,
502 2049 563 2095 tum
581 2057 669 2109 prono
688 2041 715 2092 in
735 2041 832 2108 pollice
850 2046 982 2109 torquens

221 2127 364 2179 Libratum
381 2125 463 2178 tereti
481 2124 606 2177 uersabat
623 2124 733 2176 turbine
751 2123 849 2191 fusum,

221 2212 314 2278 Atque
333 2209 370 2260 lta
388 2207 537 2274 decerpens
556 2207 691 2274 aequabat
707 2223 816 2274 semper
834 2223 902 2274 opus
920 2207 995 2274 dens,

222 2294 368 2359 Laneaque
386 2290 496 2343 aridulis
513 2290 662 2342 haerebant
680 2306 769 2341 morsa
787 2289 897 2357 labellis,

224 2377 302 2444 Qrae
320 2375 394 2442 prius
412 2374 440 2426 in
458 2373 512 2425 leui
530 2372 639 2425 fuerant
656 2374 777 2424 extantia
795 2372 858 2427 filo:

222 2461 295 2511 Ante
313 2457 397 2525 pedes
413 2460 506 2508 autem
524 2456 666 2509 candentis
684 2456 775 2508 mollia
792 2455 870 2509 lanae

223 2537 330 2592 Vellera
348 2538 444 2606 uirgati
463 2538 636 2591 custodibant
655 2538 802 2592 calathisci.

225 2624 304 2676 Haec
321 2628 381 2674 tum
399 2621 531 2673 clarisona
549 2621 680 2688 pellentes
699 2620 799 2673 uellera
817 2636 887 2674 uoce

224 2706 304 2758 Talia
322 2701 414 2757 diuino
431 2703 562 2755 fuderunt
580 2704 700 2756 carmine
717 2702 781 2769 fata,

226 2787 363 2853 Carmine,
381 2785 509 2855 perfidiae
527 2785 601 2854 quod
618 2793 681 2854 post
698 2786 770 2838 nulla
788 2791 883 2852 arguet
901 2792 984 2842 aetas.

226 2946 250 2997 0
270 2944 352 2996 decus
371 2944 500 2996 eximium
518 2945 622 3010 magnis
640 2944 788 2997 uirtutibus
806 2961 916 3014 augens,

222 3078 224 3082 .
262 3025 404 3079 Emathiae
422 3032 547 3078 tutamen
566 3027 632 3094 opiS,
651 3027 796 3080 clarissime
816 3035 889 3094 nato,

263 3110 374 3176 Accipe,
392 3109 466 3176 quod
483 3109 555 3161 laeta
571 3109 622 3160 tibi
640 3110 762 3177 pandunt
781 3111 841 3163 luce
859 3128 975 3180 sorores,
1083 3129 1132 3180 325

262 3192 419 3245 Veridicum
438 3191 575 3244 oraclum:
600 3192 649 3244 sed
666 3209 723 3257 uos,
743 3209 813 3260 quae
831 3193 888 3247 fata
905 3201 1063 3265 sequuntur,

229 3275 340 3329 Currite
357 3276 489 3329 ducentes
507 3274 684 3342 subtegmina,
703 3276 814 3343 currite,
831 3276 892 3332 fusi.
