2608 3964
493 339 831 440 carrarr'mnmw.
1092 371 1134 441 55

195 523 264 576 Nam
282 539 459 594 quaecunque
476 523 599 578 homines
617 525 688 578 bene
706 524 832 593 cuiquam
850 527 897 576 aut
915 518 1006 574 dicere
1023 524 1135 590 possunt

228 607 284 660 Aut
302 606 400 674 facere,
418 606 485 660 haec
503 623 520 660 a
536 613 565 660 te
583 608 710 676 dictaque
728 607 854 675 factaque
871 608 943 672 sunt,

195 689 292 742 Omnia
310 704 380 757 quae
399 690 518 756 ingratae
536 690 676 758 perierunt
693 689 798 742 credita
814 685 909 740 menti.

229 773 323 838 Quare
340 772 393 824 iam
410 777 439 824 te
458 788 507 824 cur
524 773 637 841 amplius
655 772 812 826 excrucies?
1103 780 1135 817 10

195 854 269 919 Quin
285 859 319 907 tu
335 854 426 907 animo
444 854 562 908 offirmas
579 861 663 922 atque
681 855 759 907 istinc
777 860 806 908 te
823 853 879 922 ipse
897 850 1012 920 reducis,

228 937 266 989 Et
284 936 341 990 deis
358 935 450 990 inuitis
468 936 566 991 desinis
584 953 643 990 esse
660 937 760 992 miser?

195 1018 312 1072 Difficile
330 1025 372 1073 est
389 1019 500 1086 longum
518 1021 609 1073 subito
627 1020 764 1089 deponere
783 1034 913 1072 amorem.

231 1100 347 1155 Difficile
365 1107 415 1168 est,
430 1119 526 1157 uerum
543 1104 597 1157 hoc
616 1118 670 1172 qua
687 1102 763 1156 lubet
781 1101 896 1155 efficias:

194 1183 255 1236 Vna
271 1184 340 1237 salus
356 1184 424 1238 haec
441 1191 492 1252 est,
510 1185 563 1238 hoc
581 1191 623 1239 est
640 1184 690 1238 tibi
708 1183 930 1253 peruincendum,
1103 1194 1135 1246 13

230 1265 295 1318 Hoc
311 1264 401 1333 facias,
420 1268 478 1321 siue
496 1267 525 1320 id
542 1283 598 1320 non
616 1273 681 1336 pote
699 1267 757 1320 siue
774 1272 848 1336 pote.

195 1347 220 1401 O
238 1347 282 1415 dii,
299 1348 321 1401 si
339 1355 460 1403 uestrum
478 1355 519 1403 est
537 1350 667 1416 misereri,
684 1355 732 1403 aut
749 1348 771 1402 si
790 1348 887 1417 quibus
905 1361 1026 1416 unquam

230 1430 388 1484 Extremam
405 1431 459 1484 iam
476 1432 533 1500 ipsa
550 1432 578 1485 in
596 1438 686 1485 morte
704 1431 801 1485 tulistis
819 1447 907 1498 opem,

195 1512 244 1564 Me
262 1512 391 1566 miserum
409 1515 519 1583 aspicite
538 1521 574 1581 et,
593 1515 616 1567 si
633 1516 717 1567 uitam
736 1514 840 1583 puriter
858 1511 909 1578 egi,

230 1595 334 1664 Eripite
352 1596 422 1649 hanc
438 1603 544 1665 pestem
560 1597 763 1666 perniciemque
781 1595 855 1660 mihi,

196 1677 239 1730 Sei
256 1677 322 1731 mihi
340 1694 483 1747 surrepens
501 1679 569 1732 imos
587 1685 618 1734 ut
635 1686 731 1748 torpor
748 1679 776 1732 in
794 1684 868 1732 artus

229 1759 341 1829 Expulit
358 1775 393 1813 ex
410 1761 484 1814 omni
502 1767 614 1834 pectore
631 1763 754 1816 laetitias.

194 1841 259 1896 Non
277 1843 331 1896 iam
349 1842 414 1896 illud
432 1859 543 1912 quaero,
561 1850 657 1898 contra
675 1851 706 1898 ut
724 1861 769 1898 me
787 1843 878 1912 diligat
896 1844 948 1913 illa,

229 1926 294 1993 Aut,
312 1926 387 1993 quod
405 1941 460 1979 non
478 1927 549 1994 potis
567 1933 617 1993 est,
635 1944 693 1981 esse
708 1927 806 1996 pudica
824 1927 908 1980 uelit:

197 2005 258 2075 lpse
275 2009 366 2061 ualere
384 2014 452 2076 opto
470 2014 499 2062 et
517 2014 620 2063 tetrum
637 2010 711 2063 hunc
729 2009 867 2078 deponere
885 2008 1018 2062 morbum
1102 2020 1134 2072 25

122 2125 130 2144 .
231 2089 256 2140 O
274 2089 320 2157 dii,
338 2090 445 2144 reddite
462 2091 500 2144 mi
517 2091 571 2146 hoc
588 2108 638 2162 pro
656 2092 759 2161 pietate
777 2106 847 2145 mea.

594 2429 736 2485 LXXIX.

196 2595 322 2649 Lusmvs
339 2599 381 2649 est
395 2595 527 2665 pulcher:
550 2597 681 2667 quidni?
705 2612 788 2667 quem
806 2596 904 2651 Lesbia
922 2595 1001 2651 malit

231 2667 321 2745 Qiam
338 2683 367 2731 te
384 2695 448 2732 cum
465 2684 525 2734 tota
541 2688 630 2748 gente,
650 2680 764 2764 thullq
783 2685 842 2734 tua.

197 2760 250 2814 Sed
266 2766 358 2814 tamen
376 2761 420 2814 hic
438 2761 550 2829 pulcher
567 2763 669 2816 uendat
686 2778 749 2815 cum
766 2768 848 2830 gente
867 2759 1013 2830 Catullum,

232 2842 259 2895 Si
277 2842 330 2896 tria
346 2848 473 2897 natorum
492 2845 565 2898 sauia
582 2845 742 2914 reppererit
