2608 3964
477 407 628 473 curvum
649 408 756 459 canu.
776 423 814 472 η,
832 421 872 470 13.

626 681 695 736 XII.

329 855 512 910 Mauuvcmu
531 855 614 922 Asini,
633 871 715 909 manu
733 856 839 910 sinistra

328 938 391 992 Non
408 939 479 991 belle
496 938 581 991 uteris
599 938 626 991 in
645 939 706 991 ioco
724 945 806 1007 atque
823 939 905 994 uino:

328 1021 415 1074 Tollis
431 1021 515 1073 lintea
532 1021 767 1087 negligentiorum.

329 1104 393 1158 Hoc
411 1104 509 1156 salsum
527 1118 584 1156 esse
602 1107 699 1172 putas?
723 1105 793 1171 fugit
809 1110 847 1170 te,
866 1106 974 1174 inepte:

222 1211 225 1218 ν
329 1187 461 1256 Qamuis
479 1185 587 1239 sordida
606 1203 648 1239 res
666 1192 695 1239 et
713 1187 856 1240 inuenusta
872 1193 925 1243 est.

327 1268 391 1322 Non
409 1269 497 1322 credis
514 1269 598 1322 mihi?
622 1269 705 1323 crede
723 1270 838 1323 Pollioni

329 1351 426 1418 Fratri,
446 1353 492 1420 qui
509 1357 557 1404 tna
574 1351 647 1405 furta
665 1353 709 1405 uel
726 1353 833 1405 talento

328 1434 432 1488 Mutari
449 1435 533 1488 uelit:
557 1439 599 1488 est
617 1435 690 1487 enim
707 1435 830 1502 leporum

329 1517 454 1570 Disertus
471 1533 539 1585 puer
556 1532 589 1570 ac
606 1516 774 1570 facetiarum.

328 1601 420 1669 Quare
439 1605 486 1652 aut
502 1599 738 1668 hendecasyllabos
755 1605 896 1654 trecentos

328 1682 457 1750 Expecta,
476 1688 523 1735 aut
540 1682 606 1734 mihi
624 1683 738 1735 linteum
756 1685 875 1749 remitte,

328 1764 412 1832 Qiod
429 1779 474 1816 me
492 1780 548 1816 nou
566 1771 661 1817 mouet
679 1765 875 1830 aestimatione,

328 1847 430 1900 Verum
448 1853 489 1899 est
506 1862 712 1915 mnemosynum
730 1848 784 1900 mei
802 1848 907 1902 sodalis.
998 1888 1001 1895 .

328 1929 400 1983 Nam
418 1929 524 1982 sudaria
543 1928 657 1982 Saetaba
674 1946 708 1983 ex
728 1931 833 1984 Hibere

329 2010 465 2066 Miserunt
482 2011 548 2065 mihi
566 2013 672 2065 muneri
692 2013 818 2066 Fabullus

329 2096 366 2150 Et
384 2096 533 2150 Veranius:
557 2096 625 2150 haec
643 2112 732 2149 amem
750 2112 860 2149 necesse
877 2099 918 2150 est

329 2180 366 2234 Et
383 2179 558 2235 Veraniolum
575 2196 668 2234 meum
685 2186 714 2233 et
734 2177 883 2233 Fabullum.

617 2450 701 2505 XIII.

325 2619 455 2674 Cauneis
471 2617 551 2686 bene,
568 2619 607 2672 mi
626 2618 744 2686 Fabulle,
762 2620 833 2688 apud
851 2635 896 2673 me

325 2702 429 2768 Paucis,
448 2701 470 2754 si
488 2701 537 2754 tibi
556 2702 592 2755 dii
610 2702 712 2769 fauent,
729 2703 831 2769 diebus,

324 2785 463 2839 Sitecum
481 2785 602 2837 attuleris
619 2783 720 2838 bonam
738 2792 819 2854 atque
837 2799 963 2852 magnam

324 2868 436 2934 Cenam,
455 2883 510 2920 non
528 2866 585 2920 sine
604 2867 718 2921 candida
735 2868 823 2936 puella

325 2950 362 3003 Et
380 2952 446 3003 uino
463 2956 493 3002 et
511 2950 565 3002 sale
584 2955 613 3002 et
631 2950 755 3003 omnibus
773 2950 918 3004 cachinnis.

324 3031 403 3085 Haec
420 3032 451 3098 si,
469 3031 588 3101 inquam,
606 3033 736 3099 attuleris,
754 3038 869 3086 uenuste
887 3038 989 3100 noster,

323 3115 440 3170 Cenabis
457 3116 543 3170 bene:
567 3133 630 3169 nam
648 3117 687 3168 tui
706 3116 804 3169 Catulli

324 3199 424 3252 Plenus
441 3197 563 3251 sacculus
581 3203 623 3251 est
640 3214 807 3252 aranearum.

322 3280 376 3333 Sed
394 3286 490 3333 contra
507 3280 621 3347 accipies
638 3296 730 3333 meros
747 3296 854 3335 amores

323 3366 376 3417 Seu
394 3362 458 3433 quid
476 3363 584 3415 suauius
601 3363 783 3429 elegantiusue
801 3368 858 3417 est:
