2608 3964
504 391 654 441 carram
676 393 785 444 canu.
798 394 843 455 oa
1103 389 1143 465 '37

234 539 317 608 Qud
335 559 410 596 mare
429 549 594 610 conceptum
612 544 799 611 spumantibus
817 544 911 612 expuit
930 543 1018 609 unu'rsp
1092 551 1142 608 '155

235 625 313 690 Quae
333 626 425 693 Syrtis,
445 642 514 693 quae
533 627 620 694 Scylla
639 643 730 694 rapax,
749 643 819 694 quae
838 634 915 680 uasta
933 627 1074 697 Carybdis,

234 705 313 760 Talia
331 708 378 776 qui
396 708 487 762 reddis
505 721 555 776 pro
573 709 646 762 dulci
665 710 786 777 praemia
805 709 880 763 uita?

235 791 261 841 Si
279 791 330 843 tibi
348 807 404 843 non
422 791 498 844 cordi
516 791 624 845 fuerant
643 792 778 844 connubia
796 800 896 857 nostra,

235 875 320 927 Saeua
338 874 413 942 quod
430 873 560 928 horrebas
578 875 658 943 prisci
675 882 822 943 praecepta
840 877 967 944 parentis,

233 958 271 1010 At
288 963 381 1009 tamen
399 957 427 1008 in
445 963 549 1027 uestras
567 959 679 1025 potuisti
698 959 798 1012 ducere
816 959 903 1026 sedes,
1095 961 1144 1010 160

235 1039 314 1108 Qae
331 1040 382 1091 tibi
400 1040 518 1092 iocundo
536 1039 682 1093 famularer
699 1056 778 1094 serua
796 1041 898 1107 labore,
1177 1034 1180 1039 ’

235 1121 358 1174 Candida
375 1123 547 1189 permulcens
565 1123 672 1190 liquidis
690 1124 802 1190 uestigia
819 1125 943 1192 lymphis,

234 1204 409 1271 Purpureaue
426 1212 505 1258 tuum
523 1213 701 1258 consternens
719 1214 796 1260 ueste
814 1207 912 1260 cubile.

236 1288 290 1342 Sed
308 1288 373 1356 quid
392 1303 443 1353 ego
461 1289 559 1354 ignaris
577 1289 760 1357 nequicquam
779 1305 932 1357 conquerar
950 1290 1029 1357 auris,

236 1370 385 1422 Extemata
403 1370 482 1436 malo,
501 1387 571 1438 quae
590 1372 668 1423 nullis
686 1372 806 1424 sensibus
824 1378 920 1424 auctae

235 1452 295 1506 Nec
314 1455 406 1505 missas
424 1454 517 1506 audire
536 1461 640 1521 queunt
657 1470 709 1506 nec
727 1454 843 1507 reddere
861 1458 962 1508 uoces?

237 1536 285 1589 Ille
304 1542 396 1588 autem
414 1552 499 1603 prope
517 1537 571 1588 iam
589 1537 684 1589 mediis
702 1543 826 1590 uersatur
844 1537 871 1589 in
890 1537 978 1605 undis,

235 1618 295 1673 Nec
314 1619 456 1687 quisquam
475 1625 586 1686 apparet
604 1636 689 1672 uacua
707 1619 829 1672 mortalis
847 1622 874 1673 in
893 1621 959 1687 alga.

236 1703 279 1755 Sic
298 1702 377 1753 nimis
395 1702 525 1753 insultans
544 1708 669 1754 extremo
686 1708 811 1769 tempore
829 1719 910 1756 saeua

237 1785 306 1837 Fors
324 1785 406 1836 etiam
425 1785 523 1836 nostris
542 1785 639 1837 inuidit
658 1785 798 1852 questibus
816 1787 897 1838 auris

237 1868 360 1936 luppiter
377 1867 558 1935 omnipotens,
577 1868 681 1921 utinam
700 1884 735 1920 ne
753 1875 879 1936 tempore
897 1869 986 1936 primo

237 1951 339 2003 Gnosia
358 1949 509 2018 Cecropiae
526 1951 679 2016 tetigissent
696 1951 776 2004 litora
793 1967 904 2020 puppes,

237 2034 376 2086 Indomito
394 2049 445 2085 nec
464 2033 522 2085 dira
539 2033 629 2086 serens
646 2034 781 2102 stipendia
798 2042 887 2102 tauro,

237 2116 358 2169 Perfidus
377 2117 405 2167 in
424 2115 509 2168 Creta
527 2117 665 2182 religasset
682 2118 774 2169 nauita
792 2117 894 2183 sunem,

235 2199 295 2252 Nec
313 2199 400 2251 malus
417 2198 461 2251 hic
480 2199 569 2250 celans
587 2199 660 2251 dulci
677 2199 798 2252 crudelia
816 2199 904 2252 forma

236 2283 354 2336 Consilia
372 2282 399 2333 in
418 2282 516 2334 nostris
535 2283 684 2349 requiesset
702 2283 810 2335 sedibus
828 2283 941 2352 hospes!

234 2367 306 2419 Nam
324 2381 380 2433 quo
398 2380 442 2417 me
460 2365 594 2419 referam?
620 2367 690 2433 quali
706 2383 756 2435 spe
773 2369 879 2436 perdita
897 2369 987 2422 nitor?

237 2452 435 2503 Idomeneosne
453 2456 544 2516 petam
563 2453 687 2504 montes?
712 2467 729 2504 a
746 2454 852 2518 gurgite
870 2451 927 2504 lato

236 2534 401 2586 Discernens
419 2533 496 2600 ponti
513 2535 699 2588 truculentum
717 2534 814 2587 diuidit
831 2550 942 2602 aequor.

235 2603 279 2670 An
297 2617 380 2684 patris
398 2616 525 2668 auxilium
542 2619 667 2684 sperem?
692 2632 810 2685 quemne
828 2617 883 2684 ipsa
901 2616 997 2685 reliqui

237 2700 547 2768 Respersumiuuenem
565 2699 685 2752 fraterna
703 2701 787 2752 caede
804 2702 915 2754 secuta-l

237 2783 366 2849 Coniugis
385 2799 418 2834 an
437 2783 492 2835 fido
510 2783 634 2835 consoler
652 2789 755 2835 memet
773 2785 886 2836 amore?

236 2867 327 2933 Quine
345 2865 413 2932 fugit
431 2866 521 2917 lentos
538 2865 683 2918 incuruans
702 2865 807 2932 gurgite
826 2867 934 2919 remos?

236 2949 384 3002 Praeterea
401 2949 474 3001 nullo
493 2948 563 3013 litus,
581 2949 638 3000 sola
655 2949 748 3014 insula,
767 2953 851 3013 tect0,

236 3031 297 3086 Nec
315 3038 391 3099 patet
409 3047 530 3098 egressus
548 3031 634 3098 pelagi
653 3030 824 3097 cingentibus
842 3030 936 3084 undis:
1095 3035 1144 3096 185

235 3114 317 3168 Nulla
334 3113 413 3180 fugae
431 3115 507 3179 ratio,
527 3115 598 3166 nulla
616 3130 691 3181 spes:
716 3114 807 3166 omnia
825 3119 909 3177 muta,

237 3197 336 3249 Omnia
354 3202 417 3249 sunt
435 3197 551 3259 deserta,
570 3202 709 3248 ostentant
727 3197 818 3248 omnia
836 3196 929 3249 letum.

236 3278 300 3333 Non
319 3287 413 3332 tamen
431 3285 494 3332 ante
513 3279 578 3331 mihi
596 3279 770 3345 languescent
788 3280 889 3333 lumina
907 3284 1006 3346 morte,

237 3361 297 3417 Nec
315 3363 388 3432 prius
406 3379 422 3416 a
439 3362 510 3416 fesso
528 3362 658 3415 secedent
676 3378 791 3432 corpore
808 3379 910 3431 seusus,
