2608 3964
504 381 545 432 CA
552 381 665 434 avant·
677 381 791 438 cnm
801 379 845 437 68³.

272 536 366 606 Qualis
385 535 412 588 in
430 535 502 587 aerei
520 535 661 604 perlucens
679 530 783 589 uertice
800 531 905 589 montis
927 546 946 556 ¹·
971 549 973 552 ·
994 531 1032 556 ··'
1055 532 1076 552 ’“

309 618 394 671 Riuus
412 631 537 670 muscoso
552 618 659 686 prosilit
676 633 692 671 e
709 619 806 686 lapide,
1100 632 1136 683 ⁶0
1239 605 1267 624 ⁶

266 701 327 769 xQri
345 716 408 754 cum
425 700 461 754 de
478 717 564 769 prona
581 716 711 771 praeceps
727 708 770 755 est
787 703 857 756 ualle
874 703 995 773 uolutus,
1068 700 1073 709 “

307 783 361 837 Per
377 783 497 836 medium
513 783 588 836 densi
605 785 703 837 transit
719 785 773 837 iter
789 785 889 854 populi,
1081 791 1145 865 (⁶0)

272 865 360 919 Dulce
379 867 475 920 uiatori
493 867 562 920 lasso
580 867 609 920 in
626 867 725 920 sudore
743 867 876 933 leuamen,

306 949 376 1002 Cum
393 948 482 1015 grauis
499 953 609 1002 exustos
627 953 716 1002 aestus
734 949 834 1003 hiulcat
852 965 949 1017 agros:

270 1031 334 1097 Hic,
353 1032 429 1084 uelut
446 1031 473 1084 in
489 1031 567 1097 nigro
585 1031 690 1084 iactatis
707 1031 816 1085 turbine
834 1033 923 1086 nautis
1098 1043 1133 1108 65

304 1115 405 1167 Lenius
423 1114 541 1182 aspirans
559 1130 624 1167 aura
642 1115 761 1168 secunda
777 1116 854 1168 uenit

270 1197 327 1250 lam
345 1212 427 1264 prece
445 1195 570 1262 Pollucis,
588 1196 641 1249 iarn
661 1198 780 1251 Castoris
798 1198 958 1268 implorata,'
1079 1202 1142 1276 (65)

304 1279 373 1332 Tale
390 1279 442 1332 fuit
460 1279 538 1332 nobis
556 1279 665 1332 Mallius
682 1281 818 1335 auxilium.

270 1363 296 1416 ls
314 1364 417 1415 clusum
435 1363 491 1415 lato
508 1363 639 1430 patefecit
656 1364 741 1417 limite
760 1380 894 1432 campum,

304 1445 385 1515 Isque
403 1445 515 1498 domurn
533 1445 611 1499 nobis
628 1446 704 1516 isque
722 1447 797 1500 dedit
815 1448 960 1515 dominam,
1096 1471 1131 1520 70

267 1529 311 1581 Ad
330 1543 410 1597 quam
429 1544 588 1581 communes
606 1544 797 1583 exerceremus
814 1545 929 1583 amores.

304 1611 368 1680 Qo
386 1625 447 1663 mea
466 1626 495 1662 se
513 1610 587 1664 molli
606 1610 720 1665 candida
738 1612 801 1664 diua
819 1613 889 1680 pede
1077 1615 1144 1688 (70)

269 1693 364 1745 lntulit
382 1698 412 1746 et
429 1693 496 1746 trito
513 1693 663 1760 fulgentem
682 1695 710 1748 in
728 1693 820 1747 limine
838 1694 958 1762 plantam

305 1774 401 1829 innixa
419 1781 515 1842 arguta
533 1777 674 1829 constituit
691 1776 772 1829 solea.

269 1859 397 1925 Coniugis
415 1863 446 1910 ut
465 1859 602 1927 quondam
619 1859 733 1926 flagrans
750 1859 863 1912 aduenit
880 1875 973 1912 amore
1097 1880 1127 1930 75

302 1941 494 1994 Protesilaeam
513 1941 661 1994 Laudamia
678 1940 792 1995 domum

268 2025 408 2091 Inceptam
427 2022 535 2089 frustra,
554 2023 677 2076 nondum
694 2040 758 2077 cum
775 2023 905 2090 sanguine
922 2039 1001 2076 sacro
1074 2026 1105 2097 (7
1109 2028 1140 2099 5)

303 2106 402 2159 Hostia
419 2106 542 2159 caelestis
560 2106 726 2174 pacificasset
744 2106 833 2161 heros·

266 2189 313 2242 Nil
331 2188 396 2241 mihi
413 2194 472 2241 tam
489 2189 568 2242 ualde
586 2189 699 2257 placeat,
719 2189 866 2242 Ramnusla
883 2188 967 2255 uirgo,

298 2273 381 2340 Q10d
398 2278 504 2326 temere
523 2271 616 2324 inuitis
635 2271 796 2339 suscipiatur
812 2271 892 2324 heris.
1093 2282 1127 2329 80

267 2356 358 2425 Quam
377 2355 466 2407 ieiuna
483 2356 558 2422 pium
576 2353 720 2420 desideret
732 2369 780 2412 ara
797 2368 941 2420 cruorem„
983 2403 987 2410 ,
1026 2403 1032 2412 ,

301 2439 393 2492 Docta
411 2443 453 2490 est
470 2438 568 2490 amisso
585 2436 735 2512 Laudamia
752 2436 821 2502 uiro,
983 2502 986 2508 ¹
1073 2437 1139 2510 (80)
1177 2491 1179 2494 ,

268 2521 396 2588 Coniugis
413 2525 478 2573 ante
496 2526 592 2573 coacta
610 2519 675 2572 noui
693 2517 831 2571 dimittere
850 2517 957 2582 collum,

302 2605 392 2674 Qam
410 2604 524 2656 ueniens
541 2609 595 2655 una
612 2607 695 2671 atque
713 2602 798 2654 altera
816 2615 908 2653 rursus
924 2599 1011 2651 hiems
1026 2601 1030 2606 ”
1070 2603 1073 2612 ’

265 2686 407 2739 Noctibus,
418 2687 446 2739 in
464 2685 550 2751 longis
567 2683 676 2737 auidum
694 2688 839 2737 saturasset
857 2697 986 2747 amorem,
1092 2693 1125 2753 85

301 2770 397 2823 Posset
414 2775 445 2822 ut
462 2768 579 2836 abrupto
597 2767 691 2820 uiuere
711 2766 846 2832 coniugio,

262 2852 349 2923 ,Qod
366 2852 472 2905 scibant
490 2851 591 2903 Parcae
610 2865 666 2902 non
684 2850 765 2916 longo
783 2854 909 2916 tempore
928 2845 1023 2912 abisse,
1074 2850 1139 2921 (85)

303 2936 330 2988 Si
347 2936 424 2988 miles
441 2949 533 2987 muros
550 2933 615 2985 isset
633 2931 667 2984 ad
686 2931 800 2985 iliacos:

267 3018 339 3071 Nam
356 3024 416 3070 tum
435 3017 560 3070 Helenae
578 3020 659 3083 raptu
677 3014 810 3082 primores
827 3012 991 3079 Argiuorum

303 3102 439 3169 Coeperat
457 3099 491 3153 ad
508 3114 566 3151 sese
586 3097 672 3150 Troia
689 3097 761 3150 ciere
779 3097 861 3162 uiros,
1093 3112 1128 3159 90

267 3183 355 3238 Troia
371 3180 476 3253 (nefas)
494 3195 640 3236 commuue
657 3180 811 3248 sepulcrum
829 3178 908 3231 Asiae
926 3178 1116 3244 Europaeque,

251 3307 271 3336 s
303 3265 390 3322 Troia
406 3265 495 3318 uirum
513 3270 542 3318 et
559 3264 691 3317 uirtutum
709 3262 830 3316 omnium
848 3261 947 3315 acerba
964 3259 1040 3328 cinis,
1073 3256 1140 3331 (90)
