2608 3964
473 385 625 446 omnm
645 388 756 440 canii.
772 387 813 440 68.

242 539 326 598 Cuius
343 556 394 611 ego
412 537 524 598 interitu
541 545 601 594 tota
618 537 654 594 de
672 543 767 594 mente
783 537 875 608 fugaui

277 627 357 680 Haec
374 625 462 679 studia
480 630 562 692 atque
579 623 668 677 omnis
685 622 795 679 delicias
813 622 904 676 animi.

243 710 343 778 Quare,
361 707 436 778 quod
453 706 547 760 scribis
564 705 691 760 Veronae
708 709 790 773 turpe
808 705 915 758 Catullo

277 793 352 856 Esse,
371 790 445 860 quod
462 789 507 842 hic
525 788 645 858 quisquis
663 787 699 841 de
717 787 831 841 meliore
848 794 914 841 nota

243 873 352 942 Frigida
367 873 478 926 deserto
495 871 638 940 tepefacsit
655 870 778 924 membra
796 870 886 937 cubili,

279 957 321 1023 id,
340 955 425 1023 Malli,
444 971 499 1008 nnn
518 960 560 1008 est
577 959 665 1022 turpe,
683 953 768 1021 magis
785 953 913 1006 miserum
932 960 980 1007 est.
1084 972 1116 1020 30

243 1039 372 1107 ignosces
389 1038 479 1105 igitur,
497 1036 527 1104 si,
547 1052 616 1106 quae
634 1036 699 1090 mihi
718 1037 807 1089 luctus
824 1036 934 1103 ademit,

279 1122 358 1175 Haec
374 1120 425 1175 tibi
443 1135 497 1174 non
516 1120 609 1172 tribuo
626 1135 746 1185 munera,
765 1134 828 1172 cum
846 1135 962 1188 nequeo.

243 1204 323 1270 Nam,
342 1203 416 1273 quod
432 1203 596 1271 scriptorum
613 1218 669 1256 non
687 1217 784 1268 magna
801 1206 844 1255 est
861 1203 940 1271 copia
957 1203 1028 1270 apud
1046 1219 1098 1268 me,

279 1288 344 1340 Hoc
362 1287 401 1353 fit,
419 1285 494 1354 quod
514 1286 620 1339 Romae
637 1285 770 1338 uiuimus:
795 1285 839 1338 illa
857 1285 962 1352 domus,

246 1370 294 1424 Illa
311 1370 376 1423 mihi
394 1369 479 1435 sedes,
499 1368 552 1422 iilic
570 1384 632 1421 mea
650 1369 771 1436 carpitur
788 1375 879 1422 aetas:
1084 1389 1096 1436 3
1101 1388 1114 1435 5

279 1453 346 1506 Huc
363 1467 417 1506 uua
435 1468 469 1505 ex
487 1451 579 1504 multis
597 1450 704 1519 capsula
722 1463 767 1503 me
786 1451 917 1519 sequitur.

245 1536 328 1605 Quod
346 1550 410 1588 cum
427 1533 465 1587 ita
483 1533 526 1601 sit,
545 1533 628 1586 nolim
646 1538 748 1588 statuas
766 1549 816 1588 nos
833 1542 926 1612 mente
944 1535 1060 1603 maligna

281 1619 314 1670 id
331 1617 422 1670 facere
441 1621 488 1669 aut
504 1615 595 1672 animo
612 1631 669 1670 nou
685 1617 749 1670 satis
767 1617 893 1684 ingenuo,

246 1701 329 1772 Quod
346 1699 397 1753 tibi
415 1715 470 1752 non
488 1698 630 1767 utriusque
648 1699 753 1767 petenti
771 1699 849 1768 copia
866 1705 944 1768 posta
961 1707 1020 1754 est:

280 1783 360 1836 Vltro
378 1796 430 1848 ego
447 1781 592 1848 deferrem,
611 1781 689 1849 copia
706 1781 784 1849 siqua
801 1780 883 1835 foret.
1082 1801 1117 1850 40

245 1864 309 1920 Nou
325 1880 434 1934 possum
452 1864 578 1930 reticere,
595 1864 672 1932 deae,
690 1880 744 1933 qua
761 1880 806 1918 me
824 1865 908 1920 Allius
925 1865 952 1919 in
969 1883 1001 1920 re

282 1947 386 2002 iuuerit
403 1952 450 2000 aut
468 1947 581 2016 quantia
592 1947 692 2000 iuuerit
709 1946 820 2001 officiis:

246 2030 305 2085 Nec
322 2031 427 2097 fugiens
444 2029 537 2083 saeclis
554 2028 774 2086 obliuiscentibus
791 2037 865 2085 aetas

283 2114 356 2167 lilius
373 2112 427 2165 hoc
444 2128 525 2167 caeca
542 2117 625 2166 nocte
643 2118 719 2180 tegat
735 2113 872 2169 studium:

248 2196 300 2250 Sed
317 2195 406 2249 dicam
423 2195 508 2260 uobis,
526 2211 576 2248 uos
593 2211 676 2264 porro
694 2195 777 2249 dicite
794 2197 885 2250 multis
1084 2215 1117 2266 45

282 2279 403 2332 Millibus
420 2284 449 2331 et
465 2277 547 2332 facite
565 2277 632 2332 haec
650 2283 726 2332 carta
742 2277 869 2347 loquatur
885 2296 953 2334 anus

282 2691 468 2763 Noteseatque
486 2692 569 2760 magis
587 2700 709 2746 mortuus
727 2699 810 2763 atque
828 2696 919 2763 magis,
1073 2717 1107 2767 50

248 2774 307 2830 Nec
324 2783 436 2829 tenuem
453 2781 550 2829 texens
569 2775 689 2829 sublimis
706 2792 804 2830 aranea
821 2778 904 2832 teiam

285 2859 317 2913 In
335 2859 445 2912 deserto
462 2859 515 2912 Alii
533 2859 643 2912 nomine
661 2875 729 2927 opus
746 2859 836 2914 faciat.
1053 2863 1118 2937 (5ο)

248 2940 327 3010 Nam,
345 2942 411 2995 mihi
429 2958 510 3010 quam
529 2941 636 2995 dederit
654 2942 753 3011 duplex
770 2943 947 2999 Amathunsia
965 2962 1066 3016 curam,

283 3026 369 3092 Scitis,
388 3032 417 3080 et
434 3025 462 3078 in
480 3041 535 3094 quo
553 3040 597 3078 me
616 3026 750 3078 corruerit
767 3042 876 3092 genere.

249 3107 320 3162 Cum
336 3114 444 3162 tantum
462 3108 587 3162 arderem
605 3115 736 3176 quantum
756 3108 898 3164 Trinacria
915 3129 995 3181 rupen
1073 3133 1105 3183 55

282 3190 460 3260 Lymphaque
478 3191 506 3243 in
525 3191 634 3243 Oetaeis
653 3190 736 3244 Malia
754 3190 954 3263 Thermopylis,

248 3265 354 3326 Maesta
372 3289 461 3342 neque
479 3273 584 3326 assiduo
602 3272 742 3327 tabescere
760 3274 861 3329 lumina
878 3277 945 3334 fletu
1052 3280 1117 3353 (55)

283 3356 428 3411 Cessarent
445 3356 571 3423 tristique
588 3354 675 3409 imbre
693 3355 803 3412 madere
819 3375 914 3426 genae.
