<?xml version="1.0" encoding="UTF-8"?>
<!DOCTYPE html PUBLIC "-//W3C//DTD XHTML 1.0 Transitional//EN"
    "http://www.w3.org/TR/xhtml1/DTD/xhtml1-transitional.dtd">
<html xmlns="http://www.w3.org/1999/xhtml" xml:lang="en" lang="en">
 <head>
  <title>
</title>
<meta http-equiv="Content-Type" content="text/html;charset=utf-8" />
  <meta name='ocr-system' content='tesseract 3.04.00' />
  <meta name='ocr-capabilities' content='ocr_page ocr_carea ocr_par ocr_line ocrx_word'/>
</head>
<body>
  <div class='ocr_page' id='page_1' title='image "./catvlliveronens00elligoog_0019.png"; bbox 0 0 2608 3964; ppageno 0'>
   <div class='ocr_carea' id='block_1_1' title="bbox 486 376 847 440">
    <p class='ocr_par' dir='ltr' id='par_1_1' title="bbox 486 376 847 440">
     <span class='ocr_line' id='line_1_1' title="bbox 486 376 847 440; baseline -0.006 -11"><span class='ocrx_word' id='word_1_1' title='bbox 486 377 636 429; x_wconf 75' lang='lat' dir='ltr'><strong>carram</strong></span> <span class='ocrx_word' id='word_1_2' title='bbox 656 376 764 428; x_wconf 69' lang='lat' dir='ltr'><strong>canu.</strong></span> <span class='ocrx_word' id='word_1_3' title='bbox 782 388 805 440; x_wconf 75' lang='lat'><strong>7,</strong></span> <span class='ocrx_word' id='word_1_4' title='bbox 821 391 847 439; x_wconf 80' lang='lat'><strong>⁹·</strong></span> 
     </span>
    </p>
   </div>
   <div class='ocr_carea' id='block_1_2' title="bbox 337 525 1139 996">
    <p class='ocr_par' dir='ltr' id='par_1_2' title="bbox 337 525 963 594">
     <span class='ocr_line' id='line_1_2' title="bbox 337 525 963 594; baseline -0.006 -13"><span class='ocrx_word' id='word_1_5' title='bbox 337 529 411 582; x_wconf 88' lang='lat' dir='ltr'>Dein</span> <span class='ocrx_word' id='word_1_6' title='bbox 429 526 502 581; x_wconf 88' lang='lat' dir='ltr'><strong>mille</strong></span> <span class='ocrx_word' id='word_1_7' title='bbox 518 527 611 594; x_wconf 88' lang='lat' dir='ltr'><strong>altera,</strong></span> <span class='ocrx_word' id='word_1_8' title='bbox 628 526 691 580; x_wconf 88' lang='lat' dir='ltr'><strong>dein</strong></span> <span class='ocrx_word' id='word_1_9' title='bbox 708 525 826 579; x_wconf 88' lang='lat' dir='ltr'><strong>secunda</strong></span> <span class='ocrx_word' id='word_1_10' title='bbox 844 529 963 590; x_wconf 86' lang='lat' dir='ltr'><strong>centum,</strong></span> 
     </span>
    </p>

    <p class='ocr_par' dir='ltr' id='par_1_3' title="bbox 337 607 1002 681">
     <span class='ocr_line' id='line_1_3' title="bbox 337 607 1002 681; baseline -0.008 -17"><span class='ocrx_word' id='word_1_11' title='bbox 337 611 446 664; x_wconf 90' lang='lat' dir='ltr'>Deinde</span> <span class='ocrx_word' id='word_1_12' title='bbox 463 627 548 681; x_wconf 86' lang='lat' dir='ltr'><strong>usque</strong></span> <span class='ocrx_word' id='word_1_13' title='bbox 565 611 649 664; x_wconf 87' lang='lat' dir='ltr'><strong>altera</strong></span> <span class='ocrx_word' id='word_1_14' title='bbox 666 609 746 676; x_wconf 90' lang='lat' dir='ltr'><strong>mille,</strong></span> <span class='ocrx_word' id='word_1_15' title='bbox 765 607 863 662; x_wconf 89' lang='lat' dir='ltr'><strong>deiude</strong></span> <span class='ocrx_word' id='word_1_16' title='bbox 880 613 1002 675; x_wconf 88' lang='lat' dir='ltr'><strong>centum,</strong></span> 
     </span>
    </p>

    <p class='ocr_par' dir='ltr' id='par_1_4' title="bbox 337 690 1139 841">
     <span class='ocr_line' id='line_1_4' title="bbox 337 690 1139 760; baseline -0.006 -13"><span class='ocrx_word' id='word_1_17' title='bbox 337 694 419 760; x_wconf 92' lang='lat' dir='ltr'>Dein,</span> <span class='ocrx_word' id='word_1_18' title='bbox 437 710 500 748; x_wconf 90' lang='lat' dir='ltr'><strong>cum</strong></span> <span class='ocrx_word' id='word_1_19' title='bbox 517 694 591 747; x_wconf 90' lang='lat' dir='ltr'><strong>milia</strong></span> <span class='ocrx_word' id='word_1_20' title='bbox 607 693 692 746; x_wconf 75' lang='lat' dir='ltr'><strong>mirlta</strong></span> <span class='ocrx_word' id='word_1_21' title='bbox 708 690 862 758; x_wconf 82' lang='lat' dir='ltr'><strong>fecerimus,</strong></span> <span class='ocrx_word' id='word_1_22' title='bbox 1106 705 1139 744; x_wconf 82' lang='grc' dir='ltr'><strong>ιο</strong></span> 
     </span>
     <span class='ocr_line' id='line_1_5' title="bbox 338 774 826 841; baseline -0.006 -12"><span class='ocrx_word' id='word_1_23' title='bbox 338 774 566 829; x_wconf 77' lang='lat' dir='ltr'><strong>conturbabimus</strong></span> <span class='ocrx_word' id='word_1_24' title='bbox 583 775 634 841; x_wconf 90' lang='lat' dir='ltr'><strong>illa,</strong></span> <span class='ocrx_word' id='word_1_25' title='bbox 651 791 686 827; x_wconf 90' lang='lat' dir='ltr'><strong>ne</strong></span> <span class='ocrx_word' id='word_1_26' title='bbox 703 775 826 840; x_wconf 88' lang='lat' dir='ltr'><strong>sciamus,</strong></span> 
     </span>
    </p>

    <p class='ocr_par' dir='ltr' id='par_1_5' title="bbox 337 856 873 929">
     <span class='ocr_line' id='line_1_6' title="bbox 337 856 873 929; baseline -0.007 -17"><span class='ocrx_word' id='word_1_27' title='bbox 337 860 394 912; x_wconf 79' lang='lat' dir='ltr'><strong>Aut</strong></span> <span class='ocrx_word' id='word_1_28' title='bbox 411 875 447 912; x_wconf 90' lang='lat' dir='ltr'><strong>ne</strong></span> <span class='ocrx_word' id='word_1_29' title='bbox 464 859 523 929; x_wconf 88' lang='lat' dir='ltr'><strong>quis</strong></span> <span class='ocrx_word' id='word_1_30' title='bbox 540 859 625 911; x_wconf 90' lang='lat' dir='ltr'><strong>malus</strong></span> <span class='ocrx_word' id='word_1_31' title='bbox 641 856 763 910; x_wconf 89' lang='lat' dir='ltr'><strong>inuidere</strong></span> <span class='ocrx_word' id='word_1_32' title='bbox 780 857 873 924; x_wconf 86' lang='lat' dir='ltr'><strong>possit,</strong></span> 
     </span>
    </p>

    <p class='ocr_par' dir='ltr' id='par_1_6' title="bbox 339 939 859 996">
     <span class='ocr_line' id='line_1_7' title="bbox 339 939 859 996; baseline -0.006 0"><span class='ocrx_word' id='word_1_33' title='bbox 339 943 410 996; x_wconf 90' lang='lat' dir='ltr'><strong>Cum</strong></span> <span class='ocrx_word' id='word_1_34' title='bbox 427 947 534 996; x_wconf 83' lang='lat' dir='ltr'><strong>tantum</strong></span> <span class='ocrx_word' id='word_1_35' title='bbox 552 941 619 994; x_wconf 90' lang='lat' dir='ltr'><strong>sciat</strong></span> <span class='ocrx_word' id='word_1_36' title='bbox 635 955 694 992; x_wconf 90' lang='lat' dir='ltr'><strong>esse</strong></span> <span class='ocrx_word' id='word_1_37' title='bbox 712 939 859 993; x_wconf 85' lang='lat' dir='ltr'><strong>basiorum.</strong></span> 
     </span>
    </p>
   </div>
   <div class='ocr_carea' id='block_1_3' title="bbox 635 1216 702 1270">
    <p class='ocr_par' dir='ltr' id='par_1_7' title="bbox 635 1216 702 1270">
     <span class='ocr_line' id='line_1_8' title="bbox 635 1216 702 1270; baseline 0.03 -2"><span class='ocrx_word' id='word_1_38' title='bbox 635 1216 702 1270; x_wconf 88' lang='lat' dir='ltr'><strong>Vll.</strong></span> 
     </span>
    </p>
   </div>
   <div class='ocr_carea' id='block_1_4' title="bbox 272 1385 988 2364">
    <p class='ocr_par' dir='ltr' id='par_1_8' title="bbox 339 1385 835 1460">
     <span class='ocr_line' id='line_1_9' title="bbox 339 1385 835 1460; baseline -0.002 -20"><span class='ocrx_word' id='word_1_39' title='bbox 339 1389 484 1460; x_wconf 77' lang='lat' dir='ltr'><strong>Qmunts,</strong></span> <span class='ocrx_word' id='word_1_40' title='bbox 502 1392 570 1456; x_wconf 92' lang='lat' dir='ltr'><strong>quot</strong></span> <span class='ocrx_word' id='word_1_41' title='bbox 588 1387 654 1440; x_wconf 90' lang='lat' dir='ltr'><strong>mihi</strong></span> <span class='ocrx_word' id='word_1_42' title='bbox 671 1385 835 1440; x_wconf 86' lang='lat' dir='ltr'><strong>basiationes</strong></span> 
     </span>
    </p>

    <p class='ocr_par' dir='ltr' id='par_1_9' title="bbox 339 1470 866 1540">
     <span class='ocr_line' id='line_1_10' title="bbox 339 1470 866 1540; baseline -0.008 -14"><span class='ocrx_word' id='word_1_43' title='bbox 339 1471 428 1540; x_wconf 89' lang='lat' dir='ltr'><strong>Tuae,</strong></span> <span class='ocrx_word' id='word_1_44' title='bbox 446 1470 552 1538; x_wconf 89' lang='lat' dir='ltr'><strong>Lesbia,</strong></span> <span class='ocrx_word' id='word_1_45' title='bbox 570 1470 624 1524; x_wconf 92' lang='lat' dir='ltr'><strong>sint</strong></span> <span class='ocrx_word' id='word_1_46' title='bbox 641 1471 705 1524; x_wconf 89' lang='lat' dir='ltr'><strong>satis</strong></span> <span class='ocrx_word' id='word_1_47' title='bbox 722 1485 866 1538; x_wconf 85' lang='lat' dir='ltr'><strong>superque.</strong></span> 
     </span>
    </p>

    <p class='ocr_par' dir='ltr' id='par_1_10' title="bbox 272 1550 988 1775">
     <span class='ocr_line' id='line_1_11' title="bbox 272 1550 988 1624; baseline -0.004 -15"><span class='ocrx_word' id='word_1_48' title='bbox 272 1611 274 1615; x_wconf 73' lang='grc'><strong>,</strong></span> <span class='ocrx_word' id='word_1_49' title='bbox 341 1557 431 1624; x_wconf 76' lang='lat' dir='ltr'><strong>Quam</strong></span> <span class='ocrx_word' id='word_1_50' title='bbox 449 1571 561 1622; x_wconf 87' lang='lat' dir='ltr'><strong>magnus</strong></span> <span class='ocrx_word' id='word_1_51' title='bbox 578 1569 707 1606; x_wconf 91' lang='lat' dir='ltr'><strong>numerus</strong></span> <span class='ocrx_word' id='word_1_52' title='bbox 725 1551 853 1622; x_wconf 84' lang='lat' dir='ltr'><strong>Libyssae</strong></span> <span class='ocrx_word' id='word_1_53' title='bbox 871 1550 988 1618; x_wconf 77' lang='lat' dir='ltr'><strong>harenae</strong></span> 
     </span>
     <span class='ocr_line' id='line_1_12' title="bbox 340 1626 875 1707; baseline -0.009 -15"><span class='ocrx_word' id='word_1_54' title='bbox 340 1637 541 1707; x_wconf 86' lang='lat' dir='ltr'><strong>Lasarpiciferis</strong></span> <span class='ocrx_word' id='word_1_55' title='bbox 559 1638 630 1690; x_wconf 90' lang='lat' dir='ltr'><strong>iacet</strong></span> <span class='ocrx_word' id='word_1_56' title='bbox 649 1636 771 1706; x_wconf 88' lang='lat' dir='ltr'><strong>Cyrenis,</strong></span> <span class='ocrx_word' id='word_1_57' title='bbox 871 1626 875 1632; x_wconf 73' lang='grc'><strong>’</strong></span> 
     </span>
     <span class='ocr_line' id='line_1_13' title="bbox 341 1718 782 1775; baseline -0.011 0"><span class='ocrx_word' id='word_1_58' title='bbox 341 1723 469 1775; x_wconf 88' lang='lat' dir='ltr'><strong>Oraclum</strong></span> <span class='ocrx_word' id='word_1_59' title='bbox 488 1721 560 1774; x_wconf 89' lang='lat' dir='ltr'><strong>Iouis</strong></span> <span class='ocrx_word' id='word_1_60' title='bbox 577 1719 649 1773; x_wconf 91' lang='lat' dir='ltr'><strong>inter</strong></span> <span class='ocrx_word' id='word_1_61' title='bbox 666 1718 782 1772; x_wconf 87' lang='lat' dir='ltr'><strong>aestuosi</strong></span> 
     </span>
    </p>

    <p class='ocr_par' dir='ltr' id='par_1_11' title="bbox 341 1801 965 2105">
     <span class='ocr_line' id='line_1_14' title="bbox 341 1801 899 1869; baseline -0.009 -11"><span class='ocrx_word' id='word_1_62' title='bbox 341 1805 379 1858; x_wconf 90' lang='lat' dir='ltr'><strong>Et</strong></span> <span class='ocrx_word' id='word_1_63' title='bbox 396 1805 471 1858; x_wconf 83' lang='lat' dir='ltr'><strong>Batti</strong></span> <span class='ocrx_word' id='word_1_64' title='bbox 488 1803 589 1857; x_wconf 88' lang='lat' dir='ltr'><strong>ueteris</strong></span> <span class='ocrx_word' id='word_1_65' title='bbox 606 1818 711 1856; x_wconf 90' lang='lat' dir='ltr'><strong>sacrum</strong></span> <span class='ocrx_word' id='word_1_66' title='bbox 729 1801 899 1869; x_wconf 79' lang='lat' dir='ltr'><strong>sepulcrum3</strong></span> 
     </span>
     <span class='ocr_line' id='line_1_15' title="bbox 341 1885 965 1955; baseline -0.006 -15"><span class='ocrx_word' id='word_1_67' title='bbox 341 1889 397 1940; x_wconf 86' lang='lat' dir='ltr'><strong>Aut</strong></span> <span class='ocrx_word' id='word_1_68' title='bbox 415 1903 497 1955; x_wconf 91' lang='lat' dir='ltr'><strong>quam</strong></span> <span class='ocrx_word' id='word_1_69' title='bbox 514 1885 602 1938; x_wconf 90' lang='lat' dir='ltr'><strong>sidera</strong></span> <span class='ocrx_word' id='word_1_70' title='bbox 619 1885 711 1950; x_wconf 92' lang='lat' dir='ltr'><strong>multa,</strong></span> <span class='ocrx_word' id='word_1_71' title='bbox 729 1900 792 1937; x_wconf 91' lang='lat' dir='ltr'><strong>cum</strong></span> <span class='ocrx_word' id='word_1_72' title='bbox 810 1890 884 1937; x_wconf 88' lang='lat' dir='ltr'><strong>tacet</strong></span> <span class='ocrx_word' id='word_1_73' title='bbox 902 1900 965 1952; x_wconf 84' lang='lat' dir='ltr'><strong>nox,</strong></span> 
     </span>
     <span class='ocr_line' id='line_1_16' title="bbox 343 1967 880 2034; baseline -0.002 -13"><span class='ocrx_word' id='word_1_74' title='bbox 343 1970 471 2022; x_wconf 82' lang='lat' dir='ltr'><strong>Furtiuos</strong></span> <span class='ocrx_word' id='word_1_75' title='bbox 487 1968 628 2020; x_wconf 90' lang='lat' dir='ltr'><strong>homiuum</strong></span> <span class='ocrx_word' id='word_1_76' title='bbox 645 1967 740 2020; x_wconf 90' lang='lat' dir='ltr'><strong>uident</strong></span> <span class='ocrx_word' id='word_1_77' title='bbox 757 1983 880 2034; x_wconf 87' lang='lat' dir='ltr'><strong>amores;</strong></span> 
     </span>
     <span class='ocr_line' id='line_1_17' title="bbox 342 2049 772 2105; baseline 0 -1"><span class='ocrx_word' id='word_1_78' title='bbox 342 2052 414 2105; x_wconf 91' lang='lat' dir='ltr'><strong>Tam</strong></span> <span class='ocrx_word' id='word_1_79' title='bbox 432 2057 461 2104; x_wconf 93' lang='lat' dir='ltr'><strong>te</strong></span> <span class='ocrx_word' id='word_1_80' title='bbox 478 2049 551 2104; x_wconf 86' lang='lat' dir='ltr'><strong>basia</strong></span> <span class='ocrx_word' id='word_1_81' title='bbox 569 2051 653 2104; x_wconf 89' lang='lat' dir='ltr'><strong>multa</strong></span> <span class='ocrx_word' id='word_1_82' title='bbox 669 2051 772 2104; x_wconf 89' lang='lat' dir='ltr'><strong>basiare</strong></span> 
     </span>
    </p>

    <p class='ocr_par' dir='ltr' id='par_1_12' title="bbox 342 2133 867 2202">
     <span class='ocr_line' id='line_1_18' title="bbox 342 2133 867 2202; baseline -0.004 -15"><span class='ocrx_word' id='word_1_83' title='bbox 342 2135 450 2188; x_wconf 90' lang='lat' dir='ltr'><strong>Vesano</strong></span> <span class='ocrx_word' id='word_1_84' title='bbox 467 2135 529 2186; x_wconf 90' lang='lat' dir='ltr'><strong>satis</strong></span> <span class='ocrx_word' id='word_1_85' title='bbox 547 2139 576 2186; x_wconf 91' lang='lat' dir='ltr'><strong>et</strong></span> <span class='ocrx_word' id='word_1_86' title='bbox 593 2149 674 2202; x_wconf 90' lang='lat' dir='ltr'><strong>super</strong></span> <span class='ocrx_word' id='word_1_87' title='bbox 693 2133 799 2188; x_wconf 91' lang='lat' dir='ltr'><strong>Catullo</strong></span> <span class='ocrx_word' id='word_1_88' title='bbox 817 2138 867 2198; x_wconf 91' lang='lat' dir='ltr'><strong>est,</strong></span> 
     </span>
    </p>

    <p class='ocr_par' dir='ltr' id='par_1_13' title="bbox 344 2216 815 2286">
     <span class='ocr_line' id='line_1_19' title="bbox 344 2216 815 2286; baseline -0.011 -15"><span class='ocrx_word' id='word_1_89' title='bbox 344 2219 421 2286; x_wconf 85' lang='lat' dir='ltr'><strong>Quae</strong></span> <span class='ocrx_word' id='word_1_90' title='bbox 439 2233 490 2270; x_wconf 90' lang='lat' dir='ltr'><strong>nec</strong></span> <span class='ocrx_word' id='word_1_91' title='bbox 507 2232 700 2284; x_wconf 89' lang='lat' dir='ltr'><strong>pernumerare</strong></span> <span class='ocrx_word' id='word_1_92' title='bbox 718 2216 815 2269; x_wconf 88' lang='lat' dir='ltr'><strong>curiosi</strong></span> 
     </span>
    </p>

    <p class='ocr_par' dir='ltr' id='par_1_14' title="bbox 344 2298 871 2364">
     <span class='ocr_line' id='line_1_20' title="bbox 344 2298 871 2364; baseline -0.013 -7"><span class='ocrx_word' id='word_1_93' title='bbox 344 2301 452 2357; x_wconf 89' lang='lat' dir='ltr'><strong>Possint</strong></span> <span class='ocrx_word' id='word_1_94' title='bbox 469 2316 520 2353; x_wconf 92' lang='lat' dir='ltr'><strong>nec</strong></span> <span class='ocrx_word' id='word_1_95' title='bbox 538 2300 608 2352; x_wconf 89' lang='lat' dir='ltr'><strong>mala</strong></span> <span class='ocrx_word' id='word_1_96' title='bbox 625 2298 756 2352; x_wconf 84' lang='lat' dir='ltr'><strong>fascinare</strong></span> <span class='ocrx_word' id='word_1_97' title='bbox 774 2299 871 2364; x_wconf 80' lang='lat' dir='ltr'><strong>lingua.</strong></span> 
     </span>
    </p>
   </div>
   <div class='ocr_carea' id='block_1_5' title="bbox 649 2570 702 2624">
    <p class='ocr_par' dir='ltr' id='par_1_15' title="bbox 649 2570 702 2624">
     <span class='ocr_line' id='line_1_21' title="bbox 649 2570 702 2624; baseline 0 0"><span class='ocrx_word' id='word_1_98' title='bbox 649 2570 702 2624; x_wconf 88' lang='lat' dir='ltr'><strong>IX.</strong></span> 
     </span>
    </p>
   </div>
   <div class='ocr_carea' id='block_1_6' title="bbox 345 2740 1147 3392">
    <p class='ocr_par' dir='ltr' id='par_1_16' title="bbox 345 2740 841 2809">
     <span class='ocr_line' id='line_1_22' title="bbox 345 2740 841 2809; baseline -0.008 -11"><span class='ocrx_word' id='word_1_99' title='bbox 345 2743 472 2809; x_wconf 70' lang='lat' dir='ltr'><strong>Vultum,</strong></span> <span class='ocrx_word' id='word_1_100' title='bbox 489 2740 614 2795; x_wconf 91' lang='lat' dir='ltr'><strong>omnibus</strong></span> <span class='ocrx_word' id='word_1_101' title='bbox 631 2758 647 2796; x_wconf 93' lang='lat' dir='ltr'><strong>e</strong></span> <span class='ocrx_word' id='word_1_102' title='bbox 665 2743 732 2795; x_wconf 92' lang='lat' dir='ltr'><strong>meis</strong></span> <span class='ocrx_word' id='word_1_103' title='bbox 749 2740 841 2794; x_wconf 91' lang='lat' dir='ltr'><strong>amicis</strong></span> 
     </span>
    </p>

    <p class='ocr_par' dir='ltr' id='par_1_17' title="bbox 345 2825 930 2890">
     <span class='ocr_line' id='line_1_23' title="bbox 345 2825 930 2890; baseline -0.01 -9"><span class='ocrx_word' id='word_1_104' title='bbox 345 2827 485 2881; x_wconf 87' lang='lat' dir='ltr'><strong>Antistans</strong></span> <span class='ocrx_word' id='word_1_105' title='bbox 503 2825 568 2878; x_wconf 92' lang='lat' dir='ltr'><strong>mihi</strong></span> <span class='ocrx_word' id='word_1_106' title='bbox 586 2825 692 2878; x_wconf 87' lang='lat' dir='ltr'><strong>milibus</strong></span> <span class='ocrx_word' id='word_1_107' title='bbox 709 2825 849 2890; x_wconf 84' lang='lat' dir='ltr'><strong>trecentis,</strong></span> <span class='ocrx_word' id='word_1_108' title='bbox 927 2847 930 2852; x_wconf 42' lang='lat'>¹</span> 
     </span>
    </p>

    <p class='ocr_par' dir='ltr' id='par_1_18' title="bbox 345 2908 884 2964">
     <span class='ocr_line' id='line_1_24' title="bbox 345 2908 884 2964; baseline -0.007 0"><span class='ocrx_word' id='word_1_109' title='bbox 345 2911 488 2964; x_wconf 89' lang='lat' dir='ltr'><strong>Venistine</strong></span> <span class='ocrx_word' id='word_1_110' title='bbox 507 2909 619 2962; x_wconf 89' lang='lat' dir='ltr'><strong>domum</strong></span> <span class='ocrx_word' id='word_1_111' title='bbox 635 2908 669 2962; x_wconf 90' lang='lat' dir='ltr'><strong>ad</strong></span> <span class='ocrx_word' id='word_1_112' title='bbox 687 2914 749 2960; x_wconf 88' lang='lat' dir='ltr'><strong>tuos</strong></span> <span class='ocrx_word' id='word_1_113' title='bbox 767 2908 884 2960; x_wconf 88' lang='lat' dir='ltr'><strong>Penates</strong></span> 
     </span>
    </p>

    <p class='ocr_par' dir='ltr' id='par_1_19' title="bbox 349 2991 975 3062">
     <span class='ocr_line' id='line_1_25' title="bbox 349 2991 975 3062; baseline 0 -16"><span class='ocrx_word' id='word_1_114' title='bbox 349 2995 511 3062; x_wconf 86' lang='lat' dir='ltr'><strong>Fratresque</strong></span> <span class='ocrx_word' id='word_1_115' title='bbox 528 2991 669 3045; x_wconf 86' lang='lat' dir='ltr'><strong>unanimos</strong></span> <span class='ocrx_word' id='word_1_116' title='bbox 687 3007 822 3058; x_wconf 90' lang='lat' dir='ltr'><strong>anumque</strong></span> <span class='ocrx_word' id='word_1_117' title='bbox 841 2994 975 3046; x_wconf 82' lang='lat' dir='ltr'><strong>matrem?</strong></span> 
     </span>
    </p>

    <p class='ocr_par' dir='ltr' id='par_1_20' title="bbox 347 3073 1147 3307">
     <span class='ocr_line' id='line_1_26' title="bbox 347 3073 1147 3142; baseline 0 -15"><span class='ocrx_word' id='word_1_118' title='bbox 347 3076 463 3129; x_wconf 90' lang='lat' dir='ltr'><strong>Venisti.</strong></span> <span class='ocrx_word' id='word_1_119' title='bbox 498 3076 523 3128; x_wconf 92' lang='grc' dir='ltr'>Ο</span> <span class='ocrx_word' id='word_1_120' title='bbox 541 3076 606 3128; x_wconf 91' lang='lat' dir='ltr'><strong>mihi</strong></span> <span class='ocrx_word' id='word_1_121' title='bbox 624 3075 711 3127; x_wconf 90' lang='lat' dir='ltr'><strong>nuntii</strong></span> <span class='ocrx_word' id='word_1_122' title='bbox 729 3073 818 3128; x_wconf 89' lang='lat' dir='ltr'><strong>beati!</strong></span> <span class='ocrx_word' id='word_1_123' title='bbox 1130 3089 1147 3142; x_wconf 75' lang='lat'>5</span> 
     </span>
     <span class='ocr_line' id='line_1_27' title="bbox 347 3156 996 3226; baseline 0 -16"><span class='ocrx_word' id='word_1_124' title='bbox 347 3158 440 3212; x_wconf 89' lang='lat' dir='ltr'><strong>Visam</strong></span> <span class='ocrx_word' id='word_1_125' title='bbox 457 3163 487 3210; x_wconf 89' lang='lat' dir='ltr'><strong>te</strong></span> <span class='ocrx_word' id='word_1_126' title='bbox 504 3157 665 3211; x_wconf 90' lang='lat' dir='ltr'><strong>incolumem</strong></span> <span class='ocrx_word' id='word_1_127' title='bbox 682 3158 842 3226; x_wconf 87' lang='lat' dir='ltr'><strong>audiamque</strong></span> <span class='ocrx_word' id='word_1_128' title='bbox 861 3156 996 3210; x_wconf 91' lang='lat' dir='ltr'><strong>Hiberum</strong></span> 
     </span>
     <span class='ocr_line' id='line_1_28' title="bbox 347 3240 839 3307; baseline 0 -13"><span class='ocrx_word' id='word_1_129' title='bbox 347 3240 512 3294; x_wconf 88' lang='lat' dir='ltr'><strong>Narrautem</strong></span> <span class='ocrx_word' id='word_1_130' title='bbox 530 3241 597 3306; x_wconf 88' lang='lat' dir='ltr'><strong>loca,</strong></span> <span class='ocrx_word' id='word_1_131' title='bbox 609 3241 689 3307; x_wconf 85' lang='lat' dir='ltr'><strong>facta,</strong></span> <span class='ocrx_word' id='word_1_132' title='bbox 708 3241 839 3307; x_wconf 87' lang='lat' dir='ltr'><strong>nationes,</strong></span> 
     </span>
    </p>

    <p class='ocr_par' dir='ltr' id='par_1_21' title="bbox 350 3322 933 3392">
     <span class='ocr_line' id='line_1_29' title="bbox 350 3322 933 3392; baseline 0.002 -17"><span class='ocrx_word' id='word_1_133' title='bbox 350 3322 389 3377; x_wconf 92' lang='lat' dir='ltr'><strong>Vt</strong></span> <span class='ocrx_word' id='word_1_134' title='bbox 405 3339 465 3377; x_wconf 89' lang='lat' dir='ltr'><strong>mos</strong></span> <span class='ocrx_word' id='word_1_135' title='bbox 484 3328 526 3376; x_wconf 88' lang='lat' dir='ltr'><strong>est</strong></span> <span class='ocrx_word' id='word_1_136' title='bbox 542 3330 612 3390; x_wconf 87' lang='lat' dir='ltr'><strong>tuus,</strong></span> <span class='ocrx_word' id='word_1_137' title='bbox 630 3323 817 3392; x_wconf 90' lang='lat' dir='ltr'><strong>applicansque</strong></span> <span class='ocrx_word' id='word_1_138' title='bbox 836 3323 933 3376; x_wconf 83' lang='lat' dir='ltr'><strong>collum</strong></span> 
     </span>
    </p>
   </div>
   <div class='ocr_carea' id='block_1_7' title="bbox 0 0 1322 3964">
    <p class='ocr_par' dir='ltr' id='par_1_22' title="bbox 0 0 1322 3964">
     <span class='ocr_line' id='line_1_30' title="bbox 0 0 1322 3964; baseline 0 0"><span class='ocrx_word' id='word_1_139' title='bbox 0 0 1322 3964; x_wconf 95' lang='lat' dir='ltr'><strong> </strong></span> 
     </span>
    </p>
   </div>
  </div>
 </body>
</html>
