2608 3964
495 351 650 402 CATVLLI
670 355 779 404 cARM.
795 365 835 415 51.

336 503 374 556 vt
392 512 558 558 conuenerat
576 521 633 558 esse
652 505 789 560 delicatos.

336 587 460 640 Scribens
478 589 625 642 uersiculos
642 595 759 658 uterque
777 595 900 643 nostrum

336 669 462 723 Ludebat
481 688 595 725 numero
614 673 697 725 modo
715 673 768 726 hoc
786 675 870 727 modo
888 673 957 739 illoc,

338 753 466 806 Reddens
484 760 578 808 mutua
596 772 645 822 per
663 757 753 808 iocum
772 763 854 825 atque
872 757 974 810 uinum.

312 861 316 872 ·
335 837 427 904 Atque
444 838 517 890 illinc
534 838 587 891 abii
606 845 654 891 tuo
672 838 765 906 lepore

332 917 470 985 Incensus,
489 921 594 986 Lucini‚
613 921 797 990 facetieisque,
942 989 944 992 Ι

334 1001 372 1053 Vt
390 1019 441 1056 nec
460 1019 505 1056 me
524 1005 653 1056 miserum
671 1005 747 1057 c'ibus
766 1005 881 1073 iuuaret,

334 1083 394 1138 Nec
412 1103 523 1139 somnus
541 1093 648 1154 tegeret
665 1089 759 1156 quiete
777 1088 886 1155 ocellos,

335 1168 387 1220 Sed
404 1176 467 1222 toto
485 1171 632 1223 indomitus
649 1171 742 1223 furore
759 1170 833 1224 lecto

333 1249 471 1318 Versarer,
489 1254 599 1320 cupiens
617 1253 711 1306 uidere
728 1253 827 1321 lucem,

333 1331 371 1386 Vt
388 1341 480 1387 tecum
498 1335 633 1404 loquerer,
652 1325 784 1405 simulque
802 1342 834 1389 ut
852 1352 945 1390 essem.

333 1417 370 1468 At
388 1417 492 1471 defessa
510 1419 602 1472 labore
620 1420 743 1473 membra
760 1425 903 1487 postquam

335 1500 517 1556 Semimortua
534 1503 633 1555 lectulo
652 1503 786 1568 iacebant,

334 1581 406 1649 Hoc,
425 1585 549 1650 iocunde,
568 1585 617 1637 tibi
636 1601 734 1653 poema
750 1584 812 1651 feci,

333 1665 375 1718 Ex
393 1684 449 1735 quo
466 1669 632 1736 perspiceres
650 1684 743 1720 meum
759 1667 890 1721 dolorem.

333 1747 413 1804 Nunc
431 1754 519 1806 audax
538 1769 604 1806 caue
622 1754 665 1818 sis,
684 1769 833 1822 precesque
851 1759 964 1819 nostras,

334 1832 457 1900 Oramus,
476 1851 544 1887 caue
563 1835 683 1903 despuas,
702 1836 796 1902 ocelle,

332 1912 375 1968 Ne
393 1933 495 1984 poenas
514 1917 637 1971 Nemesis
656 1924 781 1986 reposcat
799 1935 815 1970 a
832 1924 870 1973 te.

333 1997 382 2050 Fst
399 2000 547 2053 uehemens
565 2002 631 2058 dea:
655 2001 763 2054 laedere
782 2001 851 2054 hanc
870 2007 975 2056 caueto.

639 2277 688 2332 Ll.

335 2409 406 2463 ILLE
423 2410 460 2464 mi
479 2427 528 2478 par
544 2427 602 2464 esse
620 2411 673 2464 deo
691 2412 808 2480 uidetur,

336 2493 392 2559 Ille,
411 2493 433 2546 si
450 2494 490 2546 fas
508 2500 558 2560 est,
576 2511 703 2561 superare
722 2497 808 2563 diuos,

334 2578 389 2644 Qui
407 2578 504 2629 sedens
520 2577 649 2630 aduersus
667 2578 817 2632 identidem
834 2585 863 2632 te

438 2665 548 2730 Spectat
565 2670 593 2716 et
610 2665 686 2716 audit

334 2744 422 2799 Dulce
440 2747 582 2812 ridentem,
600 2748 700 2800 misero
718 2749 792 2816 quod
810 2749 898 2802 omnis

334 2833 421 2901 Eripit
439 2850 532 2886 sensus
549 2835 632 2888 mihi:
657 2851 720 2888 nam
738 2836 816 2889 simul
835 2845 872 2904 te,

333 2917 439 2983 Lesbia,
458 2917 556 2985 aspexi,
576 2918 641 2971 nihil
659 2924 701 2971 est
717 2934 798 2987 super
816 2921 854 2974 mi

332 3086 437 3153 Lingua
454 3087 503 3139 sed
520 3092 621 3154 torpet,
640 3088 729 3140 tenuis
747 3088 796 3140 sub
815 3095 889 3144 artus

333 3169 456 3222 Flamma
474 3166 610 3234 demanat,
628 3169 719 3222 sonitu
736 3177 833 3238 suopte

332 3251 478 3307 Tintinant
496 3268 581 3317 aures,
600 3254 707 3318 gemina
725 3259 854 3321 teguntur

435 3333 552 3388 Lumina
569 3341 660 3391 nocte.

650 3430 669 3476 0
