2608 3964
189 363 229 430 32
482 357 633 410 cerrum
655 361 763 411 cultu.
781 361 821 423 ⁶4.

223 511 401 581 Laeuumque
418 513 524 580 pecoris
542 513 649 567 hostem
667 514 804 568 stimulans
823 514 861 567 ita
878 512 1007 582 loquitur.

225 595 377 661 ‘Agedum’
396 596 484 663 inquit
503 598 567 663 ‘age
586 597 664 651 ferox
680 598 698 664 i,
717 597 776 651 face
795 604 827 650 ut
845 597 918 650 hunc
935 597 1013 650 furor
1030 596 1124 664 agitet,

226 677 297 731 Face
315 679 355 730 uti
374 677 472 732 furoris
490 681 547 733 ictu
564 681 684 734 reditum
701 681 729 733 in
748 696 860 733 nemora
877 678 955 747 ferat,

225 760 291 813 Mea
308 761 392 814 libere
410 763 489 815 nimis
507 764 554 832 qui
571 763 665 829 fugere
683 764 795 831 imperia
812 764 897 831 cupit.
1097 766 1132 814 80

224 845 282 909 Age
299 845 383 897 caede
401 851 478 912 terga
495 847 589 914 cauda,
607 853 655 899 tua
672 847 788 900 uerbera
809 853 911 914 patere,

226 928 298 981 Face
315 934 414 982 cuncta
432 930 562 996 mugienti
580 932 689 984 fremitu
707 930 767 984 loca
784 937 922 996 retonent,

227 1010 346 1063 Rutilam
365 1012 443 1065 ferox
460 1018 552 1067 torosa
570 1015 679 1068 ceruice
697 1019 781 1083 quate
799 1014 906 1066 iubam!

225 1093 273 1147 Ait
290 1093 358 1147 haec
375 1096 467 1148 minax
485 1096 597 1164 Cybelle
615 1098 764 1165 religatque
783 1098 843 1163 iuga
861 1112 951 1150 manu.

226 1177 312 1230 Ferus
330 1178 386 1246 ipse
404 1194 463 1230 sese
481 1179 626 1232 adhortans
645 1181 768 1248 rapidum
787 1180 881 1233 incitat
898 1179 997 1244 animo,
1098 1182 1131 1242 85

224 1260 315 1327 Vadit,
333 1259 433 1328 fremit,
451 1261 575 1327 refringit
592 1263 709 1330 uirgulta
725 1263 795 1331 pede
814 1279 891 1328 uago.

225 1345 263 1397 At
280 1343 326 1396 ubi
345 1343 455 1397 humida
472 1344 612 1398 albicantis
629 1346 689 1400 loca
706 1345 792 1399 litoris
809 1346 883 1411 adiit,

225 1427 422 1495 Tenerumque
439 1427 508 1480 uidit
526 1428 604 1481 Attin
622 1444 707 1496 prope
726 1445 861 1481 marmora
878 1426 972 1495 pelagi,

227 1509 305 1563 Facit
323 1510 471 1578 impetum:
496 1510 539 1564 ille
557 1512 670 1564 demens
687 1510 757 1578 fugit
775 1513 803 1564 in
822 1527 933 1564 nemora
950 1510 1032 1564 fera:¹

227 1595 269 1647 lbi
287 1610 394 1661 semper
411 1611 493 1648 omne
511 1596 583 1648 uitae
601 1595 716 1663 spatium
735 1595 834 1648 famula
851 1594 911 1648 fuit.
1099 1609 1133 1658 90

226 1677 296 1742 Dea,
314 1693 411 1744 magna
429 1677 487 1743 dea,
507 1678 628 1746 Cybelle,
646 1679 706 1744 dea,
724 1679 835 1731 domina
852 1677 1001 1741 Dindimei,

227 1760 326 1812 Procul
343 1776 360 1812 a
377 1777 438 1813 mea
455 1766 518 1812 tuos
535 1762 569 1813 sit
587 1761 664 1814 furor
681 1762 776 1828 omnis,
794 1760 868 1827 hera,
885 1761 986 1814 domo:

227 1843 301 1895 Alios
318 1859 367 1908 age
386 1843 520 1910 incitatos,
539 1844 605 1896 alios
622 1861 671 1910 age
689 1844 806 1897 rabidos.

609 2117 714 2171 LXIV.

228 2288 357 2342 l’msco
376 2289 513 2359 quondam
532 2295 680 2357 prognatae
698 2287 803 2340 uertice
821 2287 899 2355 pinus

227 2373 366 2426 Dicuntur
383 2373 497 2441 liquidas
515 2372 666 2440 Neptumni
684 2388 760 2424 nasse
778 2387 827 2440 per
845 2371 930 2423 undas

228 2454 357 2508 Phasidos
375 2456 409 2509 ad
427 2456 524 2509 fluctus
541 2461 570 2509 et
589 2456 655 2508 fines
672 2458 815 2521 Aeetaeos,

229 2540 300 2592 Cum
317 2539 382 2592 lecti
400 2539 519 2605 iuuenes,
538 2541 653 2606 Argiuae
671 2539 770 2591 robora
787 2537 873 2605 pubis,

228 2623 359 2675 Auratam
377 2628 502 2690 optantes
520 2623 628 2676 Colchis
645 2628 771 2674 auertere
789 2621 887 2689 pellem

228 2706 294 2757 Ausi
312 2711 374 2757 sunt
392 2705 462 2758 uada
479 2705 545 2758 salsa
563 2706 616 2758 cita
634 2705 780 2758 decurrere
799 2703 889 2770 puppi,

229 2789 345 2842 Caerula
362 2794 504 2842 uerrentes
521 2789 639 2855 abiegnis
657 2804 776 2856 aequora
792 2787 894 2854 palmis.

229 2872 302 2923 Diua
320 2872 417 2940 quibus
434 2873 555 2925 retinens
572 2872 599 2923 in
618 2872 728 2924 summis
745 2870 856 2923 urbibus
873 2883 949 2922 arces

230 2955 292 3021 lpsa
309 2954 364 3007 leui
381 2954 447 3007 fecit
465 2954 626 3009 uolitantem
643 2954 751 3007 flamine
770 2968 888 3017 currum,

229 3037 314 3090 Pinea
331 3038 496 3103 coniungens
514 3037 627 3090 inflexae
645 3043 721 3090 texta
738 3036 853 3089 carinae.

230 3120 280 3173 llla
298 3119 395 3172 rudem
413 3136 494 3172 cursu
512 3120 598 3188 prima
616 3119 713 3172 imbuit
731 3117 925 3185 Amphitriten.

232 3204 310 3272 Qae
328 3202 406 3254 simul
424 3218 456 3255 ac
474 3208 564 3256 rostro
582 3209 726 3255 uentosum
745 3201 874 3270 proscidit
891 3215 1001 3268 aequor,

196 3331 204 3350 ,
230 3286 375 3353 Tortaque
393 3285 507 3351 remigio
524 3285 624 3352 spumis
643 3284 780 3337 incanduit
798 3282 878 3348 unda,

231 3369 376 3422 Emersere
393 3367 445 3421 feri
462 3368 589 3421 candenti
607 3382 623 3421 e
640 3367 747 3434 gurgite
764 3366 854 3418 uultus
