2608 3964
453 387 605 438 CATVLLI
625 387 734 440 oAnM.
751 390 793 453 38,
808 402 849 453 39.

569 594 741 651 XXXVIII.

326 741 460 810 MALEST,
480 742 617 809 Cornifici,
635 748 685 795 tuo
704 742 820 809 Catullo,

296 875 297 878 ,
325 825 433 892 Maiest,
451 841 495 879 me
513 826 639 879 hercule!
664 831 693 879 et
710 825 853 893 laboriose,

325 909 362 961 Et
379 909 462 976 magis
479 909 564 976 magis
582 909 609 962 in
628 908 685 962 dies
704 914 733 961 et
751 907 840 965 horas.

325 993 415 1061 Quem
433 998 472 1058 tu,
490 993 565 1061 quod
582 992 724 1045 minimum
741 991 951 1063 facillimumque
971 998 1021 1058 est,

325 1077 387 1148 Qa
404 1076 505 1128 solatus
522 1091 552 1129 es
569 1075 753 1129 allocutione?
1108 1093 1122 1140 5

326 1157 432 1212 Irascor
448 1157 509 1212 tibi.
552 1159 595 1211 Sic
613 1173 690 1210 meos
708 1161 834 1214 amores?

324 1240 437 1294 Paulum
455 1240 521 1310 quid
537 1241 613 1294 lubet
631 1241 810 1308 allocutionis,

325 1322 456 1377 Maestius
474 1324 590 1378 lacrimis
609 1323 778 1382 Simonideis,

579 1571 726 1624 XXXIX.
832 1582 837 1592 ’

254 1717 417 1784 EGNATWS,
435 1716 510 1786 quod
528 1717 659 1772 candidos
677 1718 760 1772 habet
778 1717 881 1785 dentes,

255 1799 372 1853 Renidet
390 1815 476 1868 usque
494 1816 621 1870 quaque:
645 1802 684 1855 sei
702 1801 737 1854 ad
755 1803 795 1854 rei
810 1809 926 1872 uentum
944 1809 985 1856 est

254 1883 422 1948 Subsellinm,
441 1898 503 1935 cum
522 1888 617 1936 orator
634 1885 737 1939 excitat
755 1884 857 1950 fletum,

255 1964 374 2018 Renidet
391 1965 452 2019 ille:
476 1965 498 2018 si
516 1965 551 2018 ad
568 1967 605 2034 pii
624 1983 720 2034 rogum
739 1967 775 2020 fili

253 2046 383 2114 Lugetur,
402 2047 469 2100 orba
487 2064 550 2101 cum
567 2049 615 2101 flet
633 2050 743 2102 unicum
761 2056 858 2117 mater,

255 2129 373 2183 Renidet
391 2131 451 2184 ille:
477 2131 606 2200 quicquid
624 2137 673 2198 est,
691 2133 846 2201 ubicunque
864 2138 914 2199 est,

253 2213 444 2282 Qodcunque
463 2215 527 2280 agit,
546 2215 670 2268 renidet:
695 2214 768 2268 hunc
785 2214 868 2268 habet
886 2215 1021 2279 morbum,

253 2295 350 2364 Neque
369 2296 530 2363 elegantem,
548 2302 579 2349 ut
597 2297 724 2364 arbitror,
742 2314 832 2366 neque
850 2299 991 2353 urbanum.

253 2379 345 2446 Qare
363 2379 531 2432 monendum
549 2385 579 2432 te
596 2386 638 2433 est
656 2381 729 2447 mihi,
747 2381 820 2434 bone
839 2381 945 2447 Egnati.

254 2463 281 2515 Sl
298 2461 416 2516 urbanus
436 2478 508 2515 esses
525 2468 573 2515 aut
592 2464 705 2516 Sabinus
722 2469 769 2517 aut
788 2463 899 2531 Tiburs,
1089 2485 1119 2519 ro

252 2548 308 2598 Aut
325 2561 422 2613 parcus
439 2545 544 2598 Vmber
562 2552 609 2598 aut
628 2546 724 2599 obesus
743 2546 882 2613 Etruscus,

252 2629 308 2682 Aut
325 2629 464 2681 Lanuinus
483 2633 543 2681 ater
559 2634 642 2697 atque
661 2629 795 2695 dentatus,

252 2714 308 2765 Aut
327 2711 546 2780 Transpadanus,
564 2717 596 2764 ut
615 2728 691 2765 meos
709 2728 818 2780 quoque
837 2711 975 2780 attingam,

252 2796 307 2847 Aut
326 2794 372 2863 qui
390 2794 474 2861 lubet,
494 2795 540 2863 qui
557 2795 662 2862 puriter
679 2795 746 2848 lauit
763 2796 868 2860 dentes,

253 2877 360 2930 Tamen
379 2877 504 2930 renidere
521 2893 606 2945 usque
624 2894 731 2946 quaque
749 2884 778 2931 te
797 2878 915 2931 nollem:
1079 2873 1117 2941 '15

252 2959 323 3013 Nam
341 2952 396 3012 risu
414 2960 507 3028 inepto
525 2976 568 3013 res
586 2961 703 3028 ineptior
720 2962 792 3014 nulla
810 2966 860 3014 est.

252 3041 333 3095 Nunc
352 3041 474 3094 Celtiber
491 3057 537 3096 es:
563 3042 710 3096 Celtiberia
727 3043 754 3095 in
772 3049 855 3110 terra,

254 3125 336 3195 Qod
354 3125 467 3193 quisque
485 3118 590 3191 minxit,
608 3127 661 3179 hoc
678 3126 728 3178 sibi
746 3126 816 3178 solet
834 3142 914 3179 mane

254 3208 375 3260 Dentem
392 3213 475 3276 atque
493 3224 596 3261 russam
614 3207 746 3262 defricare
763 3209 906 3276 gingiuam.

252 3288 290 3342 Vt
308 3306 363 3359 quo
381 3289 432 3343 iste
448 3296 541 3344 uester
559 3291 702 3360 expolitior
720 3291 786 3344 dens
804 3299 855 3361 est,

257 3372 321 3427 Hoc
338 3379 367 3426 te
385 3373 497 3441 amplius
514 3372 614 3428 bibisse
631 3375 770 3443 praedicet
787 3376 844 3429 loti.
912 3419 916 3428 .
