2608 3964
183 382 226 450 54
426 379 580 430 orrum
600 380 710 433 narn.
728 391 768 450 73,
784 393 826 448 75,
843 383 884 446 ⁷⁶·

182 527 264 582 Nunc
280 532 310 581 te
327 527 459 595 cognoui:
484 545 569 598 quare
586 529 638 583 etsi
654 529 800 600 impensius
817 549 893 600 uror,
1108 551 1127 604 3

217 610 308 664 Multo
325 610 380 664 mei
397 616 490 665 tamen
506 628 536 666 es
554 612 633 667 uilior
650 620 679 667 et
695 613 792 670 leuior.

183 694 238 762 Qui
256 693 326 762 potis
343 697 405 750 est?
429 695 525 764 inquis.
561 695 645 764 Quod
663 704 800 752 amantem
818 698 915 752 iniuria
933 699 993 753 talis

218 763 299 844 Cogit
315 793 407 832 amare
423 779 515 846 magis,
532 779 580 833 sed
598 780 669 833 bene
687 781 757 836 uelle
774 781 871 852 minus.

582 1105 725 1160 LXXIII.

182 1293 298 1346 Dnsmn
308 1271 351 1345 'de
363 1301 505 1362 'quoquam
522 1293 665 1362 quisquam
682 1293 753 1347 bene
771 1293 842 1348 uelle
859 1293 966 1364 mereri,

217 1377 274 1428 Aut
291 1373 408 1443 aliquem
426 1375 484 1428 fieri
502 1391 580 1443 posse
597 1382 693 1444 putare
710 1376 795 1445 pium.

183 1457 282 1511 Omnia
298 1462 362 1510 sunt
379 1457 491 1524 ingrata,
509 1458 575 1511 nihil
592 1456 688 1512 fecisse
704 1458 822 1526 benigne

217 1540 342 1606 Prodest,
359 1541 444 1594 immo
461 1541 544 1594 etiam
560 1540 653 1594 taedet
671 1541 804 1611 obestque
821 1541 923 1610 magis;

182 1623 221 1676 Vt
237 1622 312 1691 mihi,
330 1639 413 1693 quem
430 1639 511 1676 nemo
528 1625 636 1690 grauius
653 1639 704 1677 nec
722 1625 844 1678 acerbius
862 1631 949 1692 urget,
1108 1645 1122 1695 5

219 1707 308 1769 Quam
326 1706 409 1759 modo
427 1706 474 1776 qui
492 1722 537 1759 me
553 1722 638 1760 unum
657 1713 739 1776 atque
757 1709 867 1762 unicum
884 1709 1001 1762 amicum
1018 1709 1114 1764 habuit

593 2003 712 2058 LXXV.

184 2194 253 2247 ch
271 2195 313 2246 est
330 2207 407 2245 mens
423 2191 541 2245 deducta
557 2195 613 2258 tua,
631 2206 693 2244 mea
710 2190 816 2259 Lesbia,
834 2192 920 2261 culpa,

220 2278 310 2344 Atque
327 2275 366 2328 ita
382 2289 412 2328 se
429 2273 518 2327 officio
534 2273 653 2342 perdidit
670 2275 727 2342 ipsa
743 2290 801 2342 suo,

183 2358 222 2411 Vt
237 2360 291 2412 iarn
308 2373 361 2411 nec
377 2356 448 2411 bene
465 2356 536 2410 uelle
554 2362 637 2425 queat
654 2356 714 2424 tibi,
732 2359 755 2410 si
772 2358 876 2426 optima
893 2357 948 2426 fias,

219 2440 280 2495 Nec
297 2440 426 2494 desistere
443 2454 543 2507 amare,
561 2440 652 2493 omnia
668 2440 691 2493 si
709 2439 798 2494 facias.

585 2717 720 2773 Lxxvi.

189 2910 277 2972 S1qvn
294 2906 449 2962 recordanti
465 2904 609 2961 benefacta
626 2905 715 2973 priora
732 2904 857 2974 uoluptas

224 2991 273 3044 Est
290 2989 400 3057 homini,
418 3005 481 3043 cum
498 3005 528 3042 se
545 2987 647 3054 cogitat
663 3003 723 3041 esse
740 2989 823 3056 pium,

189 3074 250 3129 Nec
267 3079 388 3127 sanctam
404 3071 517 3126 uiolasse
534 3070 624 3137 fidem,
641 3085 693 3124 nec
709 3069 821 3124 foedere
838 3069 867 3123 in
883 3069 939 3125 ullo

226 3157 329 3210 Diuum
346 3154 381 3209 ad
398 3154 528 3209 fallendos
546 3154 656 3206 numine
673 3151 786 3207 abusum
802 3153 934 3220 homines,

191 3240 282 3294 Multa
298 3241 392 3307 parata
409 3241 520 3290 manent
537 3237 564 3289 in
583 3236 663 3302 longa
680 3241 779 3302 aetate,
798 3235 913 3304 Catulle,

227 3323 270 3376 Ex
285 3319 339 3375 hoc
356 3321 462 3387 ingrato
478 3319 574 3386 gaudia
589 3334 683 3373 amore
699 3318 758 3374 tibi.

1114 3259 1130 3311 5
