2608 3964
466 385 618 434 oanvmr
639 385 748 436 canu.
765 397 791 448 5·

281 524 414 596 Nequisse
431 525 589 594 praeterire,
607 525 663 580 siue
680 525 803 594 palmulis

282 608 357 676 Opus
374 607 448 662 soret
465 609 557 662 uolare
575 609 632 662 siue
650 609 744 662 linteo.

272 690 320 744 -Et
337 691 390 744 hoc
408 697 489 758 negat
507 691 619 744 minacis
637 690 769 743 Adriatici

281 771 388 839 Negare
405 773 468 826 litus
486 773 617 826 insulasue
638 771 769 841 Cycladas

282 855 465 924 Rhodumque
483 855 602 908 nobilem
619 855 812 924 horridamque
832 853 988 924 Thraciam,

281 938 449 1006 Propontida
467 944 608 992 trucemue
627 939 773 994 Ponticum
790 937 887 1005 sinum,

282 1019 335 1073 Vbi
353 1020 404 1073 iste
422 1027 484 1089 post
501 1021 624 1088 phaselus
643 1028 724 1073 antea
741 1019 793 1073 fuit

282 1103 398 1157 Comata
415 1104 497 1157 silua:
518 1119 585 1171 nam
604 1102 718 1170 Cytorio
735 1103 763 1155 in
782 1103 846 1169 iugo

282 1185 428 1255 Loquente
446 1202 525 1253 saepe
543 1185 650 1237 sibilum
667 1184 753 1237 edidit
771 1201 858 1240 coma.

282 1267 400 1321 Amastri
418 1268 534 1321 Pontica
551 1273 580 1321 et
599 1268 701 1336 Cytore
719 1267 834 1336 buxifer,

284 1350 350 1404 Tibi
366 1351 434 1404 haec
451 1351 532 1403 fuisse
551 1357 580 1402 et
598 1366 657 1402 esse
674 1350 856 1416 cognitissima

282 1433 329 1488 Ait
346 1434 486 1502 phaselus:
510 1434 604 1485 ultima
622 1449 656 1484 ex
674 1432 777 1498 origine

255 1537 258 1542 ·
283 1514 349 1570 Tuo
366 1517 473 1569 stetisse
491 1516 557 1568 dicit
575 1516 602 1569 in
622 1516 770 1584 cacumine,

252 1657 255 1662 ,
283 1597 347 1651 Tuo
365 1598 491 1651 imbuisse
509 1599 636 1666 palmulas
654 1599 681 1650 in
699 1613 827 1666 aequore,

284 1680 321 1734 Et
338 1681 402 1734 inde
420 1686 463 1734 tot
481 1697 530 1749 per
547 1681 709 1748 impotentia
726 1680 798 1733 freta

285 1762 394 1816 Herum
411 1763 511 1829 tulisse,
529 1765 607 1816 laeua
624 1764 680 1816 siue
699 1763 811 1816 dextera

284 1844 402 1900 Vocaret
419 1862 492 1911 aura,
510 1847 566 1899 siue
584 1851 722 1914 utrunque
742 1843 865 1913 luppiter'

284 1929 367 1981 Simul
384 1929 517 1981 secundus
534 1929 671 1981 incidisset
689 1929 716 1981 in
735 1928 851 1996 pedem3

284 2009 383 2080 Neque
401 2012 455 2063 ulla
471 2017 537 2064 uota
554 2011 702 2064 litoralibus
721 2010 778 2062 deis

285 2090 345 2146 Sibi
358 2110 416 2147 esse
434 2093 513 2160 facta,
532 2110 595 2146 cum
612 2095 720 2146 ueniret
737 2109 753 2146 a
770 2093 855 2145 marei

185 2225 187 2227 .
284 2174 438 2229 Nouissimo
455 2177 528 2229 hunc
546 2177 580 2229 ad
597 2192 683 2245 usque
699 2175 841 2242 limpidum
858 2175 956 2230 lacum.

285 2260 338 2312 Sed
355 2260 422 2313 haec
440 2261 513 2328 prius
530 2259 623 2313 fuere:
649 2274 720 2312 nunc
737 2259 877 2312 recondita

287 2343 369 2395 Senet
387 2343 478 2411 quiete
496 2359 579 2411 seque
597 2342 705 2396 dedicat
722 2343 780 2408 tibi,

286 2425 408 2478 Gemelle
426 2426 524 2482 Castor
541 2432 570 2479 et
587 2426 700 2493 gemelle
719 2424 846 2478 Castoris.

617 2696 651 2751 V.

288 2863 434 2930 Vlvnmvs,
452 2880 512 2917 mea
529 2863 636 2930 Lesbia,
654 2872 736 2934 atque
754 2879 881 2933 amemus,

290 2948 477 3016 Rumoresque
494 2964 589 3000 senum
607 2949 774 3001 seueriorum

289 3031 390 3083 Omnes
407 3031 485 3083 unius
502 3032 674 3084 aestimemus
691 3031 762 3084 assis.

289 3115 363 3167 Soles
381 3115 506 3167 occidere
524 3119 554 3166 et
571 3114 659 3166 redire
677 3120 806 3181 possunt:

288 3195 374 3250 Nobis
391 3213 454 3250 cum
472 3197 556 3249 semel
573 3197 673 3248 occidit
690 3197 780 3249 breuis
796 3197 850 3262 lux,

288 3278 351 3333 Nox
369 3286 410 3332 est
427 3286 558 3348 perpetua
575 3294 628 3331 una
646 3279 811 3333 dormienda

290 3362 334 3415 Da
352 3363 390 3416 mi
405 3363 479 3415 basia
497 3362 576 3430 mille,
589 3361 692 3415 deinde
708 3369 828 3429 centum,

609 3457 627 3496 n
641 3463 654 3497 2
