2608 3964
500 406 543 456 ΟΔ
550 405 656 456 TVLLI
677 405 787 457 cARM,
803 406 845 458 61·

446 553 529 610 Nulla
546 555 606 623 quit
623 554 681 606 sine
699 560 728 607 te
746 555 842 607 domus
862 552 866 562 '

480 637 596 690 Liberos
614 637 687 703 dare,
706 651 758 689 nec
777 652 874 704 parens

481 721 571 787 Stirpe
590 721 688 787 nitier3
710 725 740 773 at
756 725 851 788 potest¹

446 801 491 856 Te
508 804 628 858 uolente.
665 804 735 874 Quis
753 804 816 858 huic
834 803 887 856 deo

480 887 672 954 Compararier
689 886 777 942 ausit?

444 1058 524 1125 Quae
541 1057 596 1109 tuis
614 1064 705 1110 careat
723 1058 813 1124 sacris,

480 1139 544 1193 Non
561 1147 645 1208 queat
662 1140 728 1192 dare
745 1142 882 1208 praesides

479 1223 571 1277 Terra
588 1223 700 1277 finibus:
723 1230 753 1276 at
770 1230 853 1292 queat

444 1305 490 1360 Te
506 1307 626 1360 uolente.
662 1307 731 1376 Qis
749 1307 812 1360 huic
828 1307 883 1360 deo

480 1389 673 1457 compararier
688 1390 777 1444 ausit?

447 1559 573 1612 Claustra
589 1561 700 1628 pandite
718 1561 821 1616 ianuae.

482 1643 566 1710 Virgo
584 1645 669 1698 adest.
705 1643 794 1698 Viden
812 1650 844 1698 ut
861 1643 935 1700 faces

482 1727 638 1794 splendidas
655 1728 782 1796 quatiunt
799 1733 909 1785 comas?

479 2211 586 2268 Tardet
604 2215 734 2282 ingenuus
751 2217 849 2284 pudor.

443 2295 535 2360 Quem
553 2304 645 2350 tamen
663 2301 748 2366 magis
764 2301 884 2368 audiens,

481 2379 544 2433 Flet
561 2381 636 2448 quod
653 2382 694 2436 ire
712 2398 823 2438 necesse
840 2391 892 2440 est.

445 2549 525 2605 Flere
544 2552 645 2606 desine.
688 2553 752 2607 Non
770 2555 820 2608 tibi
837 2557 876 2609 A·

478 2636 617 2688 runculeia
633 2637 782 2704 periculum
800 2644 850 2705 est,

478 2715 522 2768 Ne
540 2734 593 2785 qua
611 2718 710 2772 femina
727 2720 865 2788 pulchrior

445 2797 556 2852 Clarum
573 2801 608 2854 ab
627 2803 738 2856 Oceano
756 2804 830 2858 diem

480 2884 586 2940 Viderit
603 2890 770 2944 uenientem.

443 3053 520 3110 Talis
538 3057 564 3110 in
583 3060 660 3112 uario
678 3060 748 3112 solet

479 3140 582 3192 Diuitis
599 3143 702 3195 domini
718 3144 827 3198 hortulo

477 3224 557 3276 Stare
575 3224 624 3278 flos
642 3226 839 3294 hyacinthinus,

443 3305 498 3359 Sed
515 3309 636 3376 morariS,
655 3309 711 3362 abit
729 3309 788 3362 dies

477 3387 598 3444 Prodeas
615 3408 687 3446 noua
704 3398 798 3463 nupta.
