2608 3964
181 413 223 476 40
483 407 524 454 ΟΛ
533 406 636 455 TVLLI
657 407 766 457 cARM.
783 405 826 472 64.

218 556 308 622 Orgia,
327 572 397 624 quae
416 555 516 608 frustra
534 556 647 624 cupiunt
665 556 758 609 audire
776 555 890 624 profani,

219 639 387 705 Plangebant
406 639 473 692 aliae
491 641 612 706 proceris
629 645 759 708 tympana
777 639 881 707 palmis,

217 723 273 773 Aut
292 722 374 774 tereti
392 723 482 774 tenuis
500 722 615 774 tinnitus
632 738 695 774 aere
714 722 832 787 ciebant,

218 803 314 856 Multis
332 805 488 857 raucisonos
506 804 633 856 efflabant
651 802 754 857 'cornua
771 804 888 857 bombos

162 927 164 933 ,
218 886 391 955 Barbaraque
410 887 532 940 horribili
549 887 682 939 stridebat
700 887 767 939 tibia
785 891 878 940 cantu.

218 968 332 1021 Talibus
350 969 482 1037 amplifice
500 970 583 1022 uestis
601 970 731 1022 decorata
749 969 840 1036 figuris

217 1052 345 1105 Puluinar
363 1052 505 1120 complexa
522 1068 571 1104 suo
589 1052 698 1105 uelabat
715 1053 825 1104 amictu.

218 1135 297 1204 Qae
314 1141 459 1203 postquam
477 1133 574 1201 cupide
592 1134 741 1202 spectando
760 1133 896 1186 Thessala
912 1135 998 1202 pubes

220 1217 336 1285 Expleta
354 1224 403 1283 est,
421 1217 520 1270 sanctis
537 1218 629 1284 coepit
647 1217 781 1270 decedere
800 1217 878 1271 diuis.

219 1299 283 1365 Hic,
302 1299 387 1368 qualis
404 1297 470 1352 flatu
488 1299 623 1367 placidum
641 1315 716 1352 mare
733 1301 869 1353 matutino

219 1382 389 1434 Horriiicans
408 1381 550 1450 Zephyrus
567 1383 701 1450 procliuas
719 1383 815 1435 incitat
833 1383 928 1450 undas,

219 1467 325 1517 Aurora
342 1465 483 1516 exoriente
501 1465 562 1531 uagi
579 1465 629 1517 sub
647 1465 739 1518 limina
758 1466 834 1531 solis,

219 1549 298 1616 Qae
316 1547 394 1599 tarde
412 1547 529 1614 primum
548 1547 675 1600 clementi
693 1547 802 1602 flamine
819 1548 911 1616 pulsae

220 1629 385 1694 Procedunt,
404 1628 501 1681 leuiter
519 1637 648 1682 resonant
666 1631 795 1698 plangore
813 1631 947 1694 cachinni,

219 1713 285 1764 Post
304 1717 388 1763 uento
406 1719 548 1764 crescente
566 1713 650 1778 magis
667 1714 751 1779 magis
769 1714 969 1779 increbescunt,

219 1795 414 1862 Purpureaque
431 1795 525 1860 procul
544 1801 640 1848 nantes
659 1795 693 1847 ab
711 1796 772 1849 luce
790 1796 940 1864 refulgent;

221 1878 264 1930 Sic
283 1883 341 1929 tum
360 1875 485 1928 uestibuli
503 1877 649 1944 linquentis
667 1879 740 1944 regia
758 1885 834 1932 tecta

219 1963 257 2013 At
275 1976 304 2012 se
323 1959 436 2027 quisque
454 1975 524 2024 uago
541 1960 638 2026 passim
656 1960 726 2028 pede
744 1961 926 2015 discedebant.

222 2045 347 2111 Qorum
365 2048 426 2109 post
445 2041 548 2094 abitum
566 2042 691 2110 princeps
709 2059 725 2097 e
742 2045 847 2096 uertice
867 2043 941 2096 Pelei

220 2126 340 2179 Aduenit
358 2125 462 2176 Chiron
480 2131 591 2190 portans
609 2126 742 2179 siluestria
760 2126 847 2180 dona:

220 2208 292 2260 Nam
304 2206 487 2275 quodcunque
499 2205 592 2259 ferunt
603 2209 700 2276 campi,
713 2225 782 2278 quos
796 2207 927 2261 Thessala
939 2209 1041 2274 magnis
1079 2215 1130 2262 280

222 2291 365 2344 Montibus
383 2305 431 2342 ora
449 2295 532 2355 creat,
551 2307 619 2356 quos
637 2296 751 2358 propter
768 2290 886 2344 fluminis
904 2291 989 2344 undas

221 2377 295 2426 Aura
312 2373 383 2439 parit
401 2371 480 2424 liores
498 2373 582 2438 tepidi
599 2370 717 2425 fecunda
735 2372 848 2440 Fauoni,

221 2456 284 2508 Hos
302 2454 464 2507 indistinctis
481 2453 574 2520 plexos
592 2455 655 2506 tulit
674 2456 730 2523 ipse
749 2455 865 2522 corollis,

222 2539 286 2608 Qro
305 2536 439 2606 permulsa
457 2536 555 2589 domus
573 2537 690 2590 iocundo
708 2538 767 2590 risit
788 2539 883 2592 odore.

223 2619 375 2672 Confestim
395 2619 494 2671 Penios
511 2619 597 2685 adest,
615 2620 759 2672 uiridantia
778 2619 896 2688 Tempe,

222 2702 340 2770 Tempe,
358 2717 428 2769 quae
446 2701 528 2754 siluae
546 2703 658 2766 cingunt
675 2719 756 2770 super
774 2703 969 2770 impendentes,

222 2785 398 2852 Magnessum
416 2785 540 2852 linquens
558 2785 642 2836 Doris
659 2785 822 2838 celebranda
840 2787 955 2853 choreis,

222 2867 286 2920 Non
304 2883 420 2921 uacuos:
445 2883 561 2934 namque
580 2868 623 2919 ille
640 2868 704 2920 tulit
723 2869 851 2921 radicitus
869 2870 936 2922 altas

224 2951 311 3016 Pagos
330 2966 361 3003 ac
379 2955 456 3001 recto
474 2965 601 3017 proceras
619 2950 710 3016 stipite
729 2952 827 3016 laurus,

222 3033 286 3085 Non
304 3033 361 3084 sine
380 3032 487 3084 nutanti
505 3033 614 3099 platano
631 3033 758 3101 lentaque
775 3049 870 3088 sorore

224 3115 367 3168 Flammati
386 3114 565 3167 Phaethontis
583 3121 612 3167 et
630 3131 710 3168 aerea
727 3132 863 3184 cupressu.

222 3198 303 3250 Haec
321 3198 426 3249 circum
444 3198 522 3249 sedes
541 3197 595 3250 late
613 3204 743 3251 contexta
760 3199 870 3266 locauit,

222 3280 393 3332 Vestibulum
411 3286 443 3332 ut
461 3280 535 3331 molli
553 3281 673 3333 uelatum
691 3281 788 3334 fronde
807 3283 917 3337 uireret.

210 3364 289 3418 Post
307 3362 379 3414 hunc
398 3363 574 3432 consequitur
585 3364 688 3416 sollerti
706 3365 790 3418 corde
808 3365 998 3434 Prometheus,
