2608 3964
476 433 629 486 carrara
649 435 759 488 canu.
775 431 816 499 64:
1076 405 1117 506 35

207 577 413 647 Magnanimum
430 584 466 636 ad
485 583 581 639 Minoa
598 587 675 640 uenit
692 585 825 654 sedesque
843 584 980 652 superbas.
1084 588 1116 648 85

208 661 292 716 Hunc
310 665 389 717 simul
407 681 439 718 ac
458 668 558 734 cupido
576 668 718 737 conspexit
736 669 838 722 lumine
857 668 934 734 uirgo

209 745 302 814 Regia,
322 764 404 816 quam
422 750 511 802 suauis
528 751 653 818 expirans
671 757 761 803 castus
778 751 878 804 odores

206 827 336 882 Lectulus
354 832 382 883 in
400 833 475 885 molli
493 834 636 902 complexu
654 835 748 886 matris
766 834 863 900 alebat,

207 913 308 980 Qiales
327 914 449 968 Eurotae
467 917 632 983 progignunt
649 917 760 969 flumina
777 923 890 985 myrtus,

204 997 314 1049 Auraue
333 997 476 1051 distinctos
494 1000 586 1052 educit
604 1015 688 1052 uerna
707 999 821 1067 colores,

206 1077 270 1130 Non
289 1080 362 1146 prius
381 1096 416 1133 ex
434 1081 479 1134 illo
497 1082 637 1148 flagrantia
655 1082 801 1135 declinauit

206 1161 330 1229 Lumina,
349 1179 432 1232 quam
450 1171 552 1218 cuncto
570 1166 697 1232 concepit
715 1180 831 1232 corpore
848 1164 985 1217 flammam

209 1243 342 1297 Funditus
360 1250 442 1315 atque
461 1248 521 1300 imis
539 1249 640 1300 exarsit
658 1253 718 1300 tota
735 1246 867 1300 medullis.

207 1326 273 1378 Heu
291 1329 388 1382 misere
406 1332 544 1396 exagitans
562 1330 650 1382 inmiti
668 1332 752 1383 corde
770 1329 877 1383 furores

207 1409 305 1463 Sancte
322 1427 398 1480 puer,
417 1414 488 1465 curis
506 1414 647 1466 hominum
666 1413 712 1482 qui
730 1412 826 1478 gaudia
843 1412 948 1476 misces,
1082 1430 1114 1477 95

207 1493 338 1561 Qaeque
356 1496 427 1561 regis
445 1496 547 1562 Golgos
565 1512 690 1564 quaeque
710 1495 824 1548 idalium
842 1494 1009 1561 frondosum,

207 1576 339 1644 Qalibus
357 1579 494 1631 incensam
512 1579 632 1632 iactastis
650 1585 744 1631 mente
762 1578 878 1645 puellam

207 1658 355 1727 Fluctibus,
367 1662 401 1712 'in
420 1661 490 1714 flauo
508 1678 588 1730 saepe
606 1662 712 1729 hospite
730 1661 928 1728 suspirantem!

207 1741 332 1810 Qautos
350 1743 392 1796 illa
410 1745 473 1796 tulit
490 1745 628 1811 languenti
646 1746 730 1798 corde
748 1745 877 1797 timores!

207 1826 317 1892 Qanto
335 1840 415 1894 saepe
433 1829 517 1894 magis
535 1827 640 1894 fulgore
659 1828 787 1896 expalluit
805 1827 877 1880 aurii

206 1907 276 1961 Cum
294 1925 404 1962 saeuum
422 1912 533 1978 cupiens
552 1917 649 1964 contra
667 1911 836 1964 contendere
854 1914 1008 1976 monstrum

205 1993 261 2044 Aut
278 1999 397 2045 mortem
416 2000 559 2061 oppeteret
578 1995 703 2047 Theseus
722 2001 768 2046 aut
786 1994 907 2061 praemia
924 1992 1017 2044 laudis.

205 2073 268 2127 Non
287 2076 392 2141 ingrata
410 2082 502 2129 tamen
521 2077 621 2130 fnestra
640 2077 799 2129 munuscula
817 2076 885 2127 diuis

205 2158 373 2211 Promittens
390 2161 476 2213 tacito
495 2161 636 2212 succendit
654 2165 720 2212 uota
738 2159 843 2211 labello.

204 2240 276 2294 Nam
294 2243 371 2294 uelut
389 2242 416 2293 in
435 2259 542 2295 summo
561 2244 729 2311 quatientem
747 2242 857 2294 brachia
876 2240 971 2294 Tauro
1063 2257 1109 2304 105

206 2326 353 2394 Qercum,
373 2331 420 2376 aut
438 2327 594 2391 conigeram
612 2325 719 2378 sudanti
738 2324 841 2376 cortice
859 2324 960 2390 pinum,

207 2408 360 2460 indomitus
377 2408 459 2460 turbo
478 2415 662 2476 contorquens
679 2408 787 2460 flamine
805 2407 890 2460 robur

205 2491 284 2543 Eruit
302 2490 360 2559 (illa
378 2492 473 2559 procul
491 2492 619 2544 radicitus
638 2491 782 2544 exturbata

205 2574 295 2627 Prona
311 2575 392 2641 cadit,
411 2575 519 2643 lateque
537 2581 566 2627 et
584 2577 707 2627 cominus
725 2574 805 2627 obuia
824 2569 972 2641 frangens),

206 2658 249 2710 Sic
267 2658 372 2710 domito
390 2673 500 2710 saeuum
518 2658 667 2725 prostrauit
684 2671 800 2724 corpore
819 2655 944 2707 Theseus
1062 2671 1111 2706 rao

205 2741 394 2808 Nequicquam
413 2741 489 2793 uanis
508 2741 655 2792 iactantem
674 2755 775 2793 cornua
792 2738 890 2790 uentis.

205 2825 272 2876 Inde
291 2823 390 2890 pedem
407 2839 498 2891 sospes
516 2823 601 2875 multa
619 2839 682 2875 cum
700 2822 779 2875 laude
797 2820 903 2874 reflexit

204 2906 365 2960 Errabunda
383 2922 480 2972 regens
498 2907 573 2958 teuui
591 2907 704 2972 uestigia
722 2905 775 2972 filu,

203 2989 247 3043 Ne
264 2989 438 3057 labyrintheis
457 3005 472 3041 e
490 2989 602 3041 flexibus
620 2990 806 3055 egredientem

204 3074 287 3126 Tecti
306 3072 483 3125 frustraretur
501 3071 704 3124 inobseruabilis
723 3088 808 3124 error.

205 3157 258 3208 Sed
276 3155 342 3223 quid
360 3171 411 3221 ego
429 3172 445 3208 a
462 3157 550 3223 primo
569 3156 701 3222 digressus
719 3155 839 3207 carmine
860 3154 936 3221 plura

205 3241 435 3304 Commemorem,
454 3245 485 3291 ut
503 3238 627 3306 linquens
645 3238 773 3304 genitoris
791 3237 843 3290 filia
860 3237 975 3301 uultum,

204 3321 243 3372 Vt
260 3323 474 3388 consanguineae
492 3321 672 3388 complexum,
690 3327 721 3373 ut
739 3321 856 3388 denique
874 3320 974 3386 matris,

205 3405 283 3472 Quae
301 3405 398 3458 misera
417 3405 444 3457 iu
458 3410 544 3471 gnata
561 3404 703 3472 deperdita
719 3405 866 3458 lamentata
884 3408 933 3471 est,

616 3499 663 3540 Da
