2608 3964
494 387 534 434 CA
542 386 645 434 TVLLI
666 386 776 435 CARM.
792 386 833 438 ⁶4.

263 536 342 588 Haec
360 533 443 586 uestis
461 533 555 600 priscis
573 533 714 586 hominum
732 534 836 586 uariata
853 533 945 600 figuris

262 620 388 671 Heroum
406 617 475 668 mira
492 617 608 669 uirtutes
627 617 728 668 indicat
746 624 814 670 arte.

261 701 388 768 Namque
406 699 569 752 fluentisono
588 705 765 766 prospectans
784 700 863 753 litore
883 701 961 766 Diae,

262 784 371 837 Thesea
389 783 535 835 cedentem
554 782 636 834 celeri
654 797 717 833 cum
736 781 819 835 classe
837 788 932 834 tuetur

222 852 227 864 ⁶
262 866 414 920 Indomitos
432 865 460 916 in
478 865 562 916 corde
580 881 678 930 gerens
696 865 815 917 Ariadna
834 865 948 929 furores,

262 943 387 1002 Necdtim
406 949 490 1000 etiarn
509 963 566 1000 sese
586 963 655 1014 quae
674 947 737 998 uisit
755 948 843 1025 uisere
862 948 959 1012 credit,

262 1032 300 1084 Vt
318 1038 384 1099 pote
402 1030 490 1083 fallaci
508 1046 578 1098 quae
597 1035 657 1081 tum
674 1030 792 1096 primum
810 1030 899 1082 excita
916 1045 1031 1097 sompno

263 1116 409 1167 Desertam
428 1114 455 1165 in
474 1113 530 1165 sola
549 1113 675 1164 miseram
693 1128 722 1164 se
741 1119 835 1166 cernat
853 1113 963 1165 harena.

264 1198 404 1249 Inmemor
422 1203 450 1248 at
468 1195 571 1247 iuuenis
590 1194 695 1260 fugiens
712 1195 788 1261 pellit
807 1194 876 1246 uada
894 1196 983 1260 remis,

264 1281 345 1332 Irrita
363 1285 494 1331 uentosae
512 1278 636 1345 linquens
655 1277 786 1344 promissa
803 1277 946 1344 procellae.

264 1346 355 1431 Qem
374 1362 469 1429 procul
487 1377 521 1412 ex
540 1361 598 1425 alga
617 1360 725 1412 maestis
744 1360 847 1412 Minois
865 1359 963 1425 ocellis,

264 1447 349 1497 Saxea
368 1452 398 1496 ut
416 1443 515 1509 effigies
534 1443 698 1506 bacchantis,
718 1443 856 1511 prospicit,
875 1443 952 1508 eheu,

263 1527 399 1594 Prospicit
418 1534 448 1579 et
466 1527 570 1591 magnis
589 1541 716 1577 curarum
734 1525 847 1578 fluctuat
866 1525 952 1589 undis,

262 1610 326 1662 Non
346 1610 416 1661 flauo
436 1609 557 1661 retinens
575 1609 702 1660 subtilem
721 1608 825 1661 uertice
844 1609 961 1674 mitram,

263 1693 328 1745 Non
348 1698 475 1744 contecta
494 1691 547 1743 leui
565 1692 686 1743 uelatum
704 1696 800 1757 pectus
818 1692 929 1757 amictu,

263 1774 328 1828 Non
347 1775 428 1826 tereti
447 1773 569 1840 strophio
588 1772 713 1825 lactentis
731 1773 824 1825 uincta
840 1773 958 1840 papillas,

264 1857 364 1914 Omnia
382 1873 452 1925 quae
470 1862 532 1908 toto
551 1856 659 1922 delapsa
677 1872 693 1907 e
711 1871 827 1922 corpore
847 1857 945 1923 passim

266 1939 352 2008 lpsius
371 1945 435 1991 ante
453 1939 535 2005 pedes
554 1937 651 1990 fluctus
670 1938 731 1990 salis
749 1938 913 1990 alludebant.

265 2026 314 2075 Set
333 2038 422 2090 neque
440 2027 500 2073 turn
518 2021 615 2072 mitrae
634 2037 724 2089 neque
742 2028 801 2073 turn
820 2020 949 2073 fluitantis
968 2021 1083 2073 amictus

267 2107 316 2159 llla
334 2107 423 2157 uicem
442 2120 539 2157 curans
557 2110 618 2156 toto
637 2120 671 2155 ex
689 2109 718 2155 te
737 2110 858 2171 pectore,
877 2103 997 2168 Theseu,

266 2190 344 2241 Toto
363 2187 461 2252 animo,
479 2192 540 2238 tota
557 2187 695 2253 pendebat
713 2186 820 2253 perdita
837 2192 939 2238 mente.
1108 2200 1142 2249 70

266 2273 309 2325 Ah
328 2270 433 2333 misera,
452 2270 564 2321 assiduis
582 2285 664 2336 quarn
682 2269 799 2321 luctibus
817 2268 971 2322 externauit

220 2371 224 2380 ¹
267 2355 392 2421 spinosas
411 2353 528 2420 Erycina
546 2367 639 2403 serens
657 2352 684 2403 in
702 2358 815 2418 pectore
834 2368 921 2416 curas,

267 2437 317 2490 llla
333 2441 506 2502 tempestate,
524 2433 603 2486 ferox
622 2450 677 2501 quo
695 2450 729 2486 ex
747 2440 873 2501 tempore
891 2432 1016 2485 Theseus

268 2521 399 2585 Egressus
417 2518 506 2570 curuis
525 2533 541 2568 e
559 2516 683 2568 litoribus
701 2516 790 2569 Piraei

209 2617 213 2625 ’
267 2601 367 2666 Attigit
386 2600 477 2651 iniusti
497 2600 567 2664 regis
586 2599 718 2666 Cortynia
736 2605 819 2650 tecta.

268 2683 340 2737 Nam
358 2681 502 2749 perhibent
520 2682 585 2734 olim
603 2681 705 2734 crudeli
724 2689 801 2749 peste
820 2686 943 2733 coactam

269 2767 483 2831 Androgeoneae
501 2780 602 2831 poenas
620 2765 747 2816 exoluere
766 2763 857 2815 caedis

270 2848 382 2902 Eiectos
400 2847 511 2899 iuuenes
529 2846 607 2898 simul
629 2853 657 2898 et
675 2847 758 2898 decus
776 2846 951 2912 innuptarum

271 2931 433 2999 Cecropiam
451 2930 558 2982 solitam
576 2946 635 2982 esse
654 2930 751 2997 dapem
769 2930 834 2981 dare
853 2928 1019 2992 Minotauro.

272 3015 341 3084 Qris
358 3021 469 3078 angusta
487 3012 563 3064 malis
581 3028 643 3064 curn
661 3013 768 3064 moenia
785 3017 959 3075 uexarentur,
1050 3017 1052 3024 “
1110 3013 1145 3061 80

273 3099 335 3163 lpse
352 3112 431 3148 suurn
450 3095 574 3148 Theseus
592 3107 642 3162 pro
660 3095 729 3147 caris
746 3110 845 3161 corpus
862 3093 976 3146 Athenis

272 3179 401 3234 Proicere
419 3179 524 3245 optauit
541 3178 630 3244 potius
648 3194 729 3245 quam
747 3177 810 3229 talia
829 3176 941 3228 Cretam

275 3262 384 3314 Funera
402 3261 552 3328 Cecropiae
570 3277 621 3312 nec
639 3259 735 3312 funera
752 3265 935 3327 portarentur,

275 3347 367 3416 Atque
385 3344 423 3397 ita
440 3359 510 3396 naue
528 3343 580 3396 leui
598 3344 686 3396 nitens
704 3359 735 3397 ac
754 3342 857 3396 lenibus
874 3340 948 3396 auris
