2608 3964
492 387 533 438 ΟΔ
540 388 643 438 TVLLI
663 387 772 439 CARM.
789 388 830 438 62.

477 485 478 490 ’
661 484 679 523 0

612 579 708 635 LXII.

591 727 728 782 1vvanas

224 844 344 897 VESPER
362 844 448 910 adest,
467 845 586 912 iuuenes,
606 847 779 913 consurgite:
804 845 909 912 Vesper
927 845 1044 915 Olympo

224 928 376 995 Expectata
394 929 441 981 diu
458 929 504 980 uix
521 930 633 982 tandem
652 930 753 982 lumina
770 928 852 982 tollit.

224 1011 340 1078 Surgere
358 1012 412 1064 iam
430 1018 546 1079 tempus,
562 997 620 1065 'iam
638 1013 744 1080 pinguis
762 1012 885 1080 linquere
903 1027 1018 1078 mensas,

225 1093 284 1145 lam
302 1095 395 1148 ueniet
413 1096 499 1163 uirgo,
518 1097 571 1148 iam
589 1096 697 1148 dicetur
714 1095 887 1162 hymenaeus·

224 1175 336 1245 Hymen
357 1178 380 1229 O
400 1178 570 1246 Hymenaee,
590 1180 702 1247 Hymen
721 1177 784 1230 ades
803 1178 827 1229 Ο
847 1177 1024 1246 Hymenaee!
1114 1192 1129 1244 5

584 1336 734 1378 VIRGINES.

225 1443 351 1511 Gemitis,
370 1446 507 1513 innuptae,
527 1447 658 1499 iuuenes?
683 1445 837 1511 consurgite
856 1449 968 1510 contra;

202 1529 206 1538 ‘
224 1525 361 1580 Nimirum
380 1529 498 1582 Oetaeos
516 1529 636 1582 ostendit
655 1529 773 1580 noctifer
792 1528 875 1593 ignes.

225 1610 268 1662 Sic
287 1617 407 1678 certest;
432 1612 514 1664 uiden
533 1618 563 1664 ut
581 1611 729 1680 perniciter
747 1611 885 1663 exiluere?

224 1691 287 1746 Non
305 1701 410 1746 temere
429 1695 556 1761 exiluere,
576 1700 676 1747 canent
695 1695 769 1762 quod
787 1695 875 1746 uisere
892 1709 943 1760 par
960 1698 1010 1747 est.

225 1775 335 1844 Hymen
354 1779 379 1830 0
399 1777 569 1846 Hymenaee,
589 1779 701 1846 Hymen
720 1778 784 1830 ades
803 1777 826 1828 O
847 1776 1027 1844 Hymenaee!
1099 1791 1130 1824 10

560 1986 563 1994 Ι
591 1935 729 1976 1vvauas

223 2039 287 2094 Non
305 2041 389 2096 facilis
407 2042 493 2110 nobis,
512 2043 638 2112 aequalis,
656 2043 745 2110 palma
763 2047 856 2109 parata
875 2047 924 2108 est,
985 2067 988 2073 ·

222 2125 370 2193 Adspicite,
389 2119 518 2194 innuptae
536 2142 629 2179 secum
647 2132 678 2178 ut
696 2126 828 2178 meditata
846 2128 1020 2194 requaerunt.

222 2206 285 2260 Non
303 2207 404 2261 frustra
421 2209 597 2274 meditantur,
616 2209 718 2261 habent
736 2208 912 2260 memorabile
931 2207 1005 2275 quod
1024 2206 1067 2272 sit,
1104 2231 1107 2238 ·

223 2288 283 2343 Nec
300 2292 409 2357 mirum,
428 2293 535 2358 penitus
553 2308 622 2360 quae
640 2297 700 2344 tota
718 2297 810 2344 mente
829 2291 961 2345 laborant.

222 2373 280 2426 Nos
299 2375 350 2427 alio
368 2381 483 2439 mentes,
503 2374 554 2427 alio
573 2375 712 2426 diuisimus
731 2390 817 2440 aureS,
1097 2387 1128 2435 15

224 2456 287 2509 Iure
305 2457 387 2524 igitur
405 2458 555 2524 uincemur,
574 2463 647 2511 amat
665 2458 780 2510 uictoria
798 2473 901 2510 curam.

224 2539 315 2602 Quare
334 2556 407 2592 nunc
426 2541 529 2593 animos
546 2542 642 2593 saltem
661 2542 819 2593 conmittite
838 2545 951 2603 uestros,

223 2621 324 2674 Dicere
342 2622 395 2674 iam
414 2611 551 2690 incipient,
571 2624 624 2676 iam
643 2624 807 2690 respondere
826 2621 943 2674 decebit.

223 2705 334 2772 Hymen
353 2706 377 2757 O
398 2707 567 2774 Hymenaee,
587 2707 700 2774 Hymen
719 2706 782 2758 ades
801 2706 825 2756 Ο
845 2704 1016 2772 Hymenaee.
1048 2766 1050 2770 .

584 2867 734 2910 VIRGINES.

221 2974 356 3043 Hespere,
375 2975 422 3044 qui
440 2977 516 3028 caelo
534 2977 622 3029 fertur
640 2976 777 3030 crudelior
795 2973 879 3040 ignis?

221 3059 276 3128 Qui
295 3065 387 3111 natam
405 3059 489 3126 possis
507 3061 642 3126 conplexu
659 3059 777 3112 auellere
795 3055 898 3122 matris,

221 3142 364 3209 Conplexu
382 3144 476 3195 matris
494 3143 660 3195 retinentem
678 3141 793 3194 auellere
813 3145 914 3205 natam,

220 3223 257 3277 Et
276 3225 367 3278 iuueni
386 3226 492 3278 ardenti
511 3232 612 3278 castam
631 3226 733 3277 donare
752 3223 876 3291 puellam.

220 3308 294 3379 Quid
313 3308 416 3361 faciunt
434 3308 526 3361 hostes
544 3315 623 3375 capta
641 3308 775 3361 crudelius
793 3306 881 3359 urbe?

220 3391 332 3460 Hymen
352 3393 376 3444 0
396 3393 565 3461 Hymenaee,
585 3389 697 3460 Hymen
716 3390 780 3444 ades
799 3391 824 3442 0
844 3388 1023 3458 Hymenaee!
1042 3381 1043 3388 ’
1096 3407 1125 3454 25
