2608 3964
200 384 239 445 14
440 377 592 428 CATVLLI
613 378 722 427 cARM.
738 392 780 444 4ο,
795 391 838 444 43,
853 393 895 442 44·

635 601 697 656 XL.

338 750 487 817 QIENAM
507 755 535 801 te
553 749 623 802 mala
642 739 732 814 men‘sJ'
746 693 847 802 niIIelle
866 748 978 816 Rauide,

336 831 402 897 Agit
420 847 468 899 pra
485 831 594 912 cipitem
613 834 640 883 in
659 848 734 883 meos
752 832 874 908 jambos?

338 914 405 980 Qiis
423 914 457 965 de
507 914 556 966 tibi
574 930 628 966 non
648 914 718 965 bene
737 914 883 967 aduocatus

337 995 491 1049 Vecordem
508 1001 586 1063 parat
604 996 723 1048 excitare
742 996 845 1049 rixam?

336 1080 380 1131 An
398 1082 429 1129 ut
447 1079 587 1145 peruenias
606 1079 632 1131 in
651 1094 700 1130 ora
716 1079 807 1145 uulgi?
1118 1095 1134 1146 5
1199 1073 1203 1080 ’

337 1159 412 1230 Qid
429 1160 487 1213 uis?
511 1177 565 1228 qua
583 1160 658 1212 lubet
677 1177 734 1213 esse
753 1168 833 1213 notus
850 1165 946 1230 optas?

337 1243 406 1308 Eris,
425 1243 645 1312 quandoquidem
663 1259 738 1295 meos
755 1259 862 1296 amores

338 1326 408 1378 Cum
427 1326 506 1392 longa
524 1327 631 1378 uoluisti
650 1342 740 1379 amare
758 1342 854 1394 poena.

612 1571 721 1624 XLIII.

339 1718 442 1782 SALVE,
460 1731 512 1769 nec
530 1717 643 1768 minimo
660 1717 749 1783 puella
765 1732 838 1782 nasu,
854 1713 855 1716 ’

338 1799 398 1852 Nec
416 1800 488 1851 bello
505 1798 575 1871 pede
594 1815 645 1851 nec
663 1800 744 1864 nigris
762 1799 860 1863 ocellis,

338 1881 398 1934 Nec
416 1882 502 1948 longis
520 1882 608 1946 digitis
626 1897 677 1933 nec
696 1897 743 1933 ore
761 1881 842 1946 sicco,

337 1963 396 2016 Nec
415 1980 479 2016 sane
498 1963 576 2015 ni'mis
594 1964 716 2028 elegante
734 1964 831 2029 lingua,

339 2046 501 2099 Decoctoris
519 2048 605 2098 amica
625 2047 769 2099 Formiani.

338 2129 401 2181 Ten
419 2129 559 2197 prouincia
578 2135 669 2182 narrat
687 2145 745 2182 esse
762 2129 881 2182 bellam?

338 2211 446 2264 Tecum
465 2211 563 2265 Lesbia
581 2220 674 2265 nostra
691 2212 882 2279 comparaturi

339 2295 363 2346 Ο
382 2296 499 2348 saeclum
518 2296 651 2363 insapiens
668 2301 697 2348 et
714 2293 877 2348 infacetum!

573 2533 574 2538 ¹
618 2541 720 2594 XLIV.

268 2688 293 2739 O
313 2699 412 2739 Fvnnu
430 2692 524 2740 noster
541 2702 589 2738 seu
608 2687 705 2740 SabIne
723 2703 771 2740 seu
790 2685 900 2753 Tiburs,

269 2769 356 2838 (Nam
374 2775 402 2822 te
421 2785 479 2822 esse
498 2769 643 2822 Tiburtem
662 2776 811 2835 autumant,
830 2771 926 2838 quibus
945 2785 999 2823 non
1018 2774 1059 2823 est

269 2852 353 2905 Cordi
373 2852 508 2904 Catullum
526 2851 650 2905 laedere:
675 2857 704 2904 at
722 2852 818 2920 quibus
837 2852 912 2904 cordi
931 2858 979 2919 est,

267 2935 373 3004 Qouis
392 2935 519 2986 Sabinum
538 2934 650 3002 pignore
669 2950 727 2986 esse
745 2933 930 3006 contendunt)

238 3017 244 3028 '
269 3017 322 3069 Sed
340 3033 388 3070 seu
407 3017 503 3070 Sabine
521 3017 578 3070 siue
595 3017 685 3069 uerius
703 3017 812 3083 Tiburs,

270 3099 320 3152 Fui
338 3099 454 3153 libenter
472 3100 499 3152 in
517 3105 565 3152 tua
582 3100 735 3152 suburbana

268 3182 346 3250 Villa,
365 3183 516 3250 malamque
534 3188 646 3250 pectore
665 3183 744 3250 expui
762 3184 865 3249 tussim,

268 3262 332 3318 Non
351 3265 495 3317 inmerenti
513 3281 594 3332 quam
612 3265 678 3317 mihi
696 3281 771 3317 meus
789 3271 894 3332 uenter,

269 3346 344 3401 Dum
362 3353 530 3415 sumptuosas
548 3353 653 3414 appeto,
673 3347 756 3414 dedit,
773 3363 862 3401 cenas.
