2608 3964
505 383 546 432 cA
554 384 656 433 TVLLI
678 384 786 434 cARM.
802 400 827 451 3,
844 401 869 448 4.

388 530 495 585 Tecum
513 531 606 584 ludere
624 531 693 585 sicut
711 532 767 600 ipsa
784 547 890 600 possem

388 614 425 667 Et
442 614 526 668 tristis
545 614 626 667 animi
644 615 734 668 leuare
752 617 847 668 curas!

387 778 459 833 Tam
478 785 584 847 gratum
603 786 644 831 est
661 780 727 832 mihi
748 797 829 848 quam
848 779 942 833 ferunt
959 781 1062 848 puellae

387 861 495 916 Pemici
514 863 653 916 aureolum
671 862 752 917 fuisse
770 864 879 929 malum,

389 945 472 1012 Quod
490 961 588 998 zonam
606 945 687 997 soluit
705 945 751 999 diu
770 946 887 1013 ligatam.

656 1216 710 1270 111.

386 1358 520 1422 Luem,
539 1373 556 1409 ο
574 1357 696 1409 Veneres
714 1354 923 1423 Cupidinesque,

385 1440 423 1492 Et
441 1445 572 1508 quantum
590 1445 631 1491 est
649 1437 789 1490 hominum
806 1438 1002 1492 uenustiorum.

335 1574 337 1583 ,
385 1522 481 1575 Passer
498 1527 621 1574 mortuus
639 1527 680 1573 est
697 1536 774 1573 meae
791 1520 905 1587 puellae,

385 1603 488 1670 Passer,
508 1603 618 1657 deliciae
636 1619 713 1656 meae
732 1603 844 1670 puellae,

385 1686 476 1754 Quem
495 1686 554 1753 plus
571 1685 616 1738 illa
633 1685 717 1738 oeulis
734 1685 788 1737 suis
806 1683 930 1739 amabat:
1138 1704 1153 1754 5

384 1767 456 1822 Nam
474 1768 591 1821 mellitus
609 1773 668 1820 erat
686 1783 815 1836 suamque
834 1773 914 1820 norat

385 1850 474 1918 Ipsam
492 1856 548 1903 tam
566 1848 637 1902 bene
656 1865 737 1918 quam
755 1850 842 1917 puella
861 1856 985 1903 matrem.

384 1932 444 1986 Nec
462 1949 521 1985 sese
539 1949 554 1985 a
572 1931 675 1998 gremio
693 1931 762 1984 illius
779 1933 918 1998 mouebat,

385 2014 437 2067 Sed
456 2015 648 2067 circumsiliens
665 2015 748 2067 modo
765 2014 818 2067 huc
836 2015 919 2068 modo
938 2015 1000 2070 illuc

383 2097 427 2149 Ad
445 2097 528 2149 solam
547 2097 685 2149 dominam
703 2112 787 2165 usque
804 2097 940 2164 pipilabat.
1119 2115 1152 2153 10

383 2179 438 2247 Qui
457 2195 529 2232 nunc
547 2179 568 2231 it
586 2195 635 2246 per
653 2180 706 2232 iter
722 2180 923 2232 tenebricosum

386 2261 460 2326 Illuc,
479 2261 552 2314 unde
570 2268 669 2328 negant
686 2263 775 2314 redire
793 2278 957 2330 quenquam.

382 2345 419 2395 At
436 2343 514 2396 uobis
531 2343 601 2396 male
618 2345 660 2409 sit,
679 2345 765 2397 malae
782 2344 913 2397 tenebrae

385 2426 459 2492 Orci,
477 2442 546 2493 quae
565 2427 656 2478 omnia
672 2424 742 2479 bella
759 2426 911 2480 deuoratis:

385 2507 457 2560 Tam
474 2508 575 2561 bellum
593 2509 659 2561 mihi
676 2524 812 2575 passerem
830 2509 982 2564 abstulistis,
1120 2529 1151 2580 ¹5

383 2590 441 2644 Vae
459 2589 561 2643 factum
579 2591 665 2644 male!
689 2607 740 2644 uae
758 2591 861 2644 miselle
878 2607 977 2659 passer,

385 2673 447 2726 Tua
465 2689 537 2725 nunc
555 2689 637 2740 opera
654 2688 731 2726 meae
749 2674 852 2740 puellae

386 2755 490 2809 Flendo
508 2756 635 2822 turgiduli
648 2757 752 2810 ¹rubent
770 2757 857 2809 ocelli.

654 3048 703 3105 lV.

383 3185 538 3238 Pulsnnvs
556 3186 607 3252 ille,
627 3203 709 3256 quem
728 3187 833 3253 uidetis,
851 3187 978 3256 hospites,

384 3269 431 3320 Ait
448 3267 529 3321 fuisse
547 3269 656 3322 nauium
674 3270 837 3337 celerrimus,

384 3348 482 3419 Neque
499 3350 577 3403 ullius
594 3353 711 3405 natantis
728 3353 859 3420 impetum
877 3351 959 3406 trabis
