2608 3964
210 385 252 446 60
469 395 618 446 CATVLLI
640 393 892 459 odernam-109.

638 659 727 714 CVII.
851 663 859 694 ῑ

281 831 310 882 81
329 828 394 897 quoi
412 829 476 898 quid
495 825 593 897 cupido
611 829 772 898 optantique
789 827 886 897 optigit
904 839 1026 896 unquam

318 911 477 981 Insperanti,
495 911 547 966 hoc
566 917 608 965 est
625 917 732 980 gratum
749 911 840 964 animo
857 911 974 980 proprie.

282 997 377 1063 Qare
394 995 447 1048 hoc
467 1000 509 1048 est
526 1000 642 1061 gratum,
660 994 731 1047 Lido
749 1009 858 1063 quoque
875 993 962 1047 carius
980 1009 1055 1062 auro,

317 1077 400 1146 Qod
417 1082 447 1130 te
464 1077 592 1146 restituis,
611 1076 718 1144 Lesbia,
736 1077 774 1130 mi
792 1076 900 1145 cupido.

283 1159 413 1213 Restituis
431 1159 529 1228 cupido
547 1164 629 1228 atque
647 1159 804 1228 insperanti,
823 1160 879 1227 ipsa
897 1157 982 1212 refers
999 1163 1028 1212 te
1135 1173 1151 1224 5

317 1242 412 1299 Nobis.
449 1242 473 1295 O
492 1242 582 1296 lucem
600 1241 757 1296 candidiore
774 1243 857 1296 nota!

282 1325 351 1396 Qris
369 1342 413 1380 me
431 1341 487 1379 uno
504 1325 573 1378 uiuit
590 1325 702 1390 felicior,
720 1329 769 1377 aut
785 1323 869 1390 magis
886 1323 947 1376 aeui
964 1327 1006 1377 est

317 1407 476 1477 Optandus?
501 1408 586 1462 uitam
604 1407 695 1464 dicere
713 1407 773 1475 quis
790 1406 910 1476 poteriti

622 1682 727 1742 CVIII.

283 1862 322 1926 81,
340 1855 457 1925 Comini,
475 1855 566 1926 populi
584 1857 696 1911 arbitrio
714 1862 762 1910 tua
779 1869 847 1910 cana
863 1858 990 1908 senectus

318 1943 450 2010 spurcata
468 1939 568 2009 inpuris
585 1939 706 1994 moribus
722 1939 848 2007 intereat,

283 2023 347 2078 Non
366 2023 495 2092 equidem
513 2023 608 2078 dubito
626 2023 691 2092 quin
709 2022 827 2092 primum
844 2020 953 2074 inimica
968 2019 1106 2073 bonorum

318 2106 424 2174 Lingua
441 2111 537 2162 exerta
553 2106 633 2160 auido
650 2106 685 2159 sit
702 2105 765 2159 data
782 2104 910 2171 uulturio,

284 2190 403 2245 Effossos
420 2190 513 2244 oculos
530 2195 610 2243 uoret
626 2194 687 2243 atro
704 2193 813 2256 gutture
831 2201 938 2256 coruus,
1133 2197 1149 2248 5

319 2271 452 2328 Intestina
468 2288 558 2341 canes,
575 2277 669 2329 cetera
686 2271 808 2326 membra
824 2270 890 2339 lupi.

740 2351 781 2418 8

641 2549 721 2606 CIX.

283 2723 451 2789 Ivcvnnvn,
469 2735 530 2775 mea
547 2721 612 2788 uita,
629 2719 695 2774 mihi
712 2717 840 2788 proponis
857 2729 978 2772 amorem

317 2805 401 2858 Hunc
419 2809 542 2858 nostrum
560 2804 632 2858 inter
649 2819 699 2856 nos
715 2808 931 2871 perpetuumque
949 2797 1017 2854 sore.

282 2888 330 2941 Dii
347 2887 445 2954 magni,
463 2887 545 2940 facite
562 2892 595 2939 ut
611 2900 678 2938 uere
695 2884 855 2952 promittere
873 2881 965 2950 possit,

317 2972 409 3037 Atque
427 2968 455 3022 id
472 2970 576 3025 sincere
595 2968 667 3023 dicat
685 2974 714 3021 et
732 2983 766 3020 ex
782 2966 881 3033 animo,

282 3052 321 3107 Vt
337 3052 417 3106 liceat
434 3051 512 3105 nobis
529 3057 589 3105 tota
606 3052 756 3120 perducere
772 3049 831 3102 uita

318 3135 469 3190 Aeternum
487 3133 540 3192 hoc
557 3139 666 3189 sanctae
682 3131 779 3188 foedus
797 3129 940 3185 amicitiae.
