2608 3964
443 398 595 452 curvam
616 398 725 449 canu.
742 398 782 463 2⁶,
799 408 840 462 η.
1095 405 1115 471 9

244 546 322 600 Haec
340 561 403 599 cum
421 547 493 614 legas
511 554 551 614 tu,
569 547 654 600 bellus
672 547 714 600 ille
733 551 763 599 et
780 547 898 600 urbanus

243 630 366 682 Suffenus
382 647 452 683 unus
470 631 648 699 caprimulgus
665 637 711 682 aut
728 629 816 682 fossor
1083 648 1115 683 ιο

244 712 347 765 Rursus
363 713 486 766 uidetur:
511 719 619 767 tantum
637 713 766 765 abhorret
784 729 816 765 ac
834 718 930 766 mutat.

243 795 308 849 Hoc
325 796 391 864 quid
408 803 534 865 putemus
553 799 628 850 esse?
653 795 698 867 qui
716 795 799 848 modo
817 811 910 848 scurra

241 881 298 931 Aut
316 878 405 949 siquid
422 878 473 932 hac
490 895 520 931 re
539 880 629 932 tritius
646 880 799 948 uidebatur,

243 960 320 1014 ldem
338 959 456 1015 infaceto
474 968 516 1015 est
533 960 676 1015 infacetior
691 979 763 1029 rure,

242 1045 326 1097 Simul
344 1051 471 1112 poemata
489 1046 587 1112 attigit,
606 1060 696 1112 neque
716 1045 787 1097 idem
806 1060 926 1112 unquam
1083 1059 1113 1111 ¹5

241 1127 337 1194 Aeque
355 1133 397 1180 est
414 1126 510 1180 beatus
528 1143 560 1181 ac
577 1143 675 1196 poema
693 1144 755 1180 cum
773 1127 882 1181 scribit:

241 1209 314 1263 Tam
332 1210 430 1277 gaudet
448 1211 475 1262 in
494 1226 523 1262 se
540 1216 652 1278 tamque
670 1225 698 1262 se
717 1211 772 1277 ipse
790 1211 913 1263 miratur.

241 1290 377 1346 Nimirum
395 1292 468 1345 idem
485 1294 573 1346 omnis
590 1292 715 1359 fallimur,
734 1309 824 1361 neque
842 1299 884 1345 est
902 1292 1052 1362 quisquam,

242 1375 333 1443 Qem
351 1392 406 1428 non
425 1377 452 1428 in
470 1376 559 1444 aliqua
576 1391 607 1428 re
625 1375 718 1428 uidere
738 1375 877 1428 Suffenum
966 1387 968 1394 ·

242 1457 338 1512 Possis.
375 1460 442 1510 Suus
460 1459 558 1527 cuique
577 1459 723 1511 attributus
741 1465 782 1511 est
801 1474 893 1511 error:
1081 1478 1114 1513 ao

242 1540 295 1594 Sed
312 1558 367 1595 nou
385 1541 509 1596 uidemus
527 1542 662 1594 manticae
681 1542 755 1611 quod
773 1543 801 1596 in
819 1547 897 1608 tergo
916 1544 966 1595 est.

589 1785 698 1839 XXVI.

312 1933 396 2000 Fun,
415 1933 505 1987 uillula
523 1939 616 1985 nostra
633 1949 688 1985 non
708 1933 741 1986 ad
760 1933 852 1986 Austri

312 2016 404 2068 Flatus
421 2016 543 2083 opposita
561 2022 602 2068 est
621 2031 709 2084 neque
728 2016 762 2068 ad
782 2017 886 2070 Fauoni

309 2097 370 2151 Nec
387 2099 461 2151 saeui
479 2098 584 2151 Boreae
601 2104 649 2150 aut
667 2098 836 2165 Apheliotae,

310 2179 413 2233 Verum
431 2181 465 2232 ad
483 2181 556 2233 milia
573 2180 727 2248 quindecim
746 2187 774 2234 et
792 2183 933 2236 ducentos.

293 2263 336 2346 Χ0
355 2271 468 2316 uentum
485 2263 643 2316 horribilem
662 2270 744 2333 atque
763 2265 951 2332 pestilentem!
1096 2281 1112 2333 5

581 2509 707 2565 XXVII.

312 2656 468 2710 Mnusrnn
486 2658 572 2711 netuli
589 2674 658 2727 puer
677 2657 784 2712 Falerni

312 2740 394 2806 Inger
411 2741 449 2792 mi
467 2740 563 2794 calices
581 2741 735 2807 amariores,

311 2823 349 2876 Vt
366 2825 409 2877 lex
429 2824 583 2876 Postumiae
601 2824 676 2876 iubet
694 2825 836 2890 magistrae

310 2906 424 2960 Ebriosa
441 2907 519 2960 acina
536 2908 695 2960 ebriosioris.

311 2991 349 3042 At
366 3006 416 3043 uos
434 3006 489 3058 quo
506 2990 581 3042 lubet
598 2990 661 3042 hinc
679 2990 760 3055 abite,
779 2990 910 3059 lymphae,
1095 3009 1111 3060 5

311 3072 374 3125 Vini
392 3073 532 3140 pernicies,
551 3080 580 3125 et
597 3074 632 3126 ad
648 3089 758 3126 seueros

312 3155 441 3223 Migrate.
483 3155 539 3209 Hic
557 3171 648 3208 merus
665 3162 707 3210 est
725 3155 909 3226 Thyonianus.
