2608 3964
420 383 570 436 carvin
592 385 701 436 carm
717 387 815 453 85-87,
831 402 871 453 ῳ.
1079 389 1119 457 57

572 646 723 704 LXXXV.

247 819 305 872 Om
323 824 354 873 et
371 833 450 871 amo:
475 833 559 886 quare
577 816 606 870 id
622 817 730 886 faciam,
747 817 862 874 fortasse
880 819 1004 888 requiris.

282 900 391 968 Nescio,
409 900 458 954 sed
476 900 534 954 fieri
551 900 640 954 sentio
658 907 687 954 et
706 903 857 956 excrucior.

570 1195 736 1249 LXXXVI.

247 1369 380 1437 Qrmrm
397 1367 518 1422 formosa
535 1372 577 1421 ert
593 1366 693 1434 multis,
710 1367 776 1419 mihi
794 1366 916 1432 candida,
934 1365 1022 1434 longa,

283 1451 370 1506 Recta
387 1458 446 1506 esti
469 1451 537 1504 haec
555 1465 607 1517 ego
624 1451 663 1504 sic
681 1449 784 1517 singula
801 1447 945 1503 confiteor.

246 1534 352 1588 Totum
371 1533 436 1587 illud
453 1533 573 1587 formosa
591 1548 678 1600 nego:
702 1548 766 1588 nam
784 1531 857 1586 nulla
875 1538 1012 1601 uenustas,

282 1616 361 1671 Nulla
379 1618 406 1670 in
424 1623 481 1671 tam
499 1632 598 1685 magno
616 1621 659 1670 est
676 1631 792 1684 corpore
811 1616 882 1669 mica
899 1615 968 1669 salis.

247 1699 345 1753 Lesbia
362 1699 482 1754 formosa
499 1705 549 1767 est,
568 1715 637 1769 quae
656 1714 720 1752 cum
737 1699 920 1766 pulcherrima
938 1705 998 1752 tota
1016 1704 1065 1766 est,
1102 1715 1117 1765 5

283 1782 358 1836 Tum
376 1782 501 1836 omnibus
518 1798 573 1836 una
591 1797 685 1835 omnes
703 1782 833 1849 surripuit
852 1781 982 1834 Veneres.

560 2069 744 2123 LXXXVII.

251 2240 355 2298 NvLLA
373 2246 465 2311 potest
481 2241 579 2295 mulier
597 2246 707 2294 tantum
724 2257 754 2296 se
773 2243 864 2296 dicere
882 2249 1000 2296 amatam

286 2325 366 2391 Vei'e‚
385 2327 517 2393 quantum
535 2339 614 2377 ame
632 2323 732 2378 Lesbia
749 2330 839 2379 amata
857 2342 918 2379 mea
936 2342 974 2381 es.

250 2407 330 2462 Nulla
348 2406 414 2460 fides
432 2405 505 2460 nullo
523 2405 575 2460 fuit
593 2423 712 2477 unquam
729 2408 842 2462 foedere
860 2414 945 2476 tanta,

285 2491 396 2559 Quanta
414 2489 441 2542 in
458 2504 553 2543 amore
570 2495 620 2543 tuo
638 2506 673 2543 ex
690 2496 768 2559 parte
786 2498 896 2560 reperta
914 2508 976 2544 mea
993 2497 1043 2546 est.

600 2765 694 2819 xcll.

247 2938 356 2992 Lrsrm
374 2937 412 2990 mi
430 2937 497 2990 dicit
514 2951 622 3004 semper
640 2935 710 2989 male
728 2951 779 2989 nec
796 2942 870 2990 tacet
888 2949 1007 3007 unquam

186 3069 189 3074 .
282 3021 327 3074 De
345 3035 407 3072 me:
431 3017 531 3072 Lesbia
547 3033 592 3071 me
610 3017 761 3086 dispeream
779 3019 828 3072 nisi
845 3028 926 3074 amat.

249 3105 313 3175 Qio
329 3103 424 3170 signo?
448 3102 511 3170 quia
529 3107 592 3156 sunt
610 3100 726 3154 totidem
744 3116 822 3156 mea:
849 3102 982 3171 deprecor
1000 3103 1071 3156 illam

282 3185 404 3252 Assidue,
422 3198 519 3238 uerum
536 3183 687 3252 dispeream
705 3183 755 3237 nisi
773 3199 844 3238 amo.
