2608 3964
476 403 628 455 mimz}
649 406 757 459 CARM.
774 422 814 474 30,
830 421 870 468 31.

624 619 722 679 XXX.

236 763 360 815 Anubim
378 763 523 820 immemor
540 769 623 835 atque
640 766 777 822 unanimis
794 765 858 824 false
877 765 1012 820 sodalibus

239 845 297 897 lam
315 850 344 898 te
363 847 400 898 nil
418 847 537 913 miseret,
556 847 633 914 dure,
651 848 691 900 tui
710 848 794 901 dulcis
811 849 937 906 amiculi?

238 927 296 979 lam
315 943 359 980 me
377 929 503 996 prodere,
522 929 575 982 iam
593 946 649 982 non
668 931 776 984 dubitas
793 929 895 997 fallere,
913 931 1034 998 perfide?

236 1173 295 1228 Nec
312 1174 384 1229 facta
402 1177 483 1244 impia
500 1175 623 1229 fallacum
642 1177 783 1234 hominum
801 1177 934 1234 caelicolis
952 1178 1071 1246 placent.

235 1258 314 1328 Qrae
332 1265 363 1310 tu
380 1260 490 1326 negligis
509 1276 540 1312 ac
559 1276 603 1312 me
622 1261 750 1312 miserum
769 1259 869 1316 deseris
887 1260 914 1312 in
934 1261 1018 1314 malis.
1096 1262 1139 1330 (5)

234 1341 313 1393 Eheu
331 1342 396 1410 quid
413 1341 523 1408 faciant,
542 1341 610 1408 dice,
629 1343 752 1399 homines
770 1342 848 1394 cuiue
865 1339 983 1404 babeant
1002 1342 1102 1396 fidem?

234 1424 317 1476 Certe
335 1430 396 1477 tute
415 1423 526 1477 iubebas
543 1427 661 1478 animam
679 1425 796 1490 tradere,
815 1424 915 1492 inique,
933 1441 978 1477 me

234 1506 370 1562 inducens
388 1509 415 1559 in
434 1523 564 1573 amorem,
583 1508 659 1576 quasi
677 1513 737 1562 tuta
754 1507 845 1567 omnia
863 1507 899 1558 mi
918 1505 1018 1559 forent.
1106 1528 1139 1560 ιο

234 1589 312 1641 ldem
331 1605 403 1642 nunc
422 1590 537 1642 retrahis
555 1595 583 1641 te
602 1606 633 1642 ac
652 1595 700 1641 tua
717 1589 790 1641 dicta
807 1589 898 1640 omnia
917 1587 1043 1656 factaque

233 1671 338 1724 Ventos
356 1672 431 1723 irrita
449 1671 521 1724 ferre
540 1687 571 1724 ae
590 1672 701 1723 nebulas
719 1687 812 1723 aereas
828 1670 900 1724 sinis.
1076 1673 1137 1741 (10)

231 1755 308 1806 Situ
327 1754 425 1806 oblitus
443 1770 480 1819 es,
499 1761 528 1806 at
545 1754 582 1805 dii
601 1753 792 1818 meminerunt,
810 1752 933 1805 meminit
953 1753 1043 1821 Fides,

231 1838 310 1905 Qae
329 1842 357 1888 te
376 1843 407 1889 ut
425 1837 562 1903 paeniteat
581 1835 726 1904 postmodo
744 1833 811 1887 facti
828 1834 911 1888 faciet
928 1837 977 1889 tui.

604 2079 718 2138 XXXI.

298 2226 401 2282 ΡΑΕΝΕ
419 2225 574 2292 insularum,
593 2224 700 2290 Sirmio,
719 2223 918 2292 insularumque

298 2309 400 2374 Ocelle,
420 2312 604 2377 quascumque
622 2307 649 2358 in
668 2307 831 2374 liquentibus
849 2306 948 2371 stagnis

297 2391 424 2459 Marique
442 2396 520 2442 uasto
538 2390 592 2442 fert
610 2394 725 2456 uterque
744 2387 930 2455 Neptumnus;

296 2475 386 2542 Qram
405 2480 434 2526 te
452 2473 568 2525 libenter
585 2486 722 2539 quamque
740 2471 825 2523 laetus
842 2469 937 2535 inuiso,

294 2556 347 2608 Vix
365 2557 402 2608 mi
421 2557 476 2624 ipse
494 2555 608 2607 credens
627 2553 765 2605 Thuniam
783 2558 865 2620 atque
883 2551 1016 2626 Bithunos
1115 2574 1131 2622 5

293 2639 418 2706 Liquisse
436 2653 545 2705 campos
563 2642 591 2689 et
609 2635 702 2693 uidere
721 2642 749 2687 te
768 2634 795 2694 in
813 2638 885 2686 tuto.

295 2722 319 2774 0
339 2721 404 2789 quid
422 2720 516 2773 solutis
534 2725 576 2771 est
594 2718 699 2770 beatius
717 2717 811 2788 curisi,

294 2804 364 2857 Cum
383 2819 459 2856 mens
477 2818 545 2858 onus
563 2801 680 2868 reponit,
699 2815 730 2852 ac
748 2797 893 2866 peregrino

293 2887 401 2939 Labore
419 2885 482 2938 fessi
498 2885 622 2936 uenimus
640 2882 723 2940 larem
742 2880 776 2933 ad
794 2883 925 2945 nostrum,

294 2968 511 3035 Desideratoque
530 2965 723 3034 acquiescimus
741 2963 822 3015 lecto.
1096 2983 1129 3019 10

294 3051 359 3103 Hoc
377 3056 418 3102 est
436 3049 510 3117 quod
527 3064 613 3101 unum
630 3053 672 3099 est
689 3062 739 3113 pro
757 3043 894 3098 laboribus
912 3044 1004 3098 tantis.

293 3133 371 3185 Salue
390 3149 407 3184 o
424 3137 538 3190 uenusta
556 3129 652 3190 Sirmio
671 3133 753 3196 atque
771 3126 838 3188 hero
857 3124 961 3196 gaude3

293 3215 418 3268 Gaudete
436 3229 537 3280 uosque
556 3230 573 3265 ο
592 3211 694 3280 Lydiae
712 3211 785 3263 lacus
802 3208 906 3272 undae;

294 3297 393 3350 Ridete
411 3295 539 3365 quicquid
556 3299 599 3347 est
616 3293 689 3345 domi
707 3291 907 3345 cachinnorum
