2608 3964
496 382 648 433 carram
669 383 777 432 olan.
793 384 835 446 3⁶.

335 534 428 601 Qare
446 532 468 584 si
486 533 570 601 sapiet
588 533 662 588 uiam
679 531 796 597 uocabit,

336 615 468 683 Quamuis
485 616 600 668 candida
617 603 703 668 milie's
720 615 809 683 puella

335 698 455 751 Euntem
472 704 594 765 reuocet,
612 712 761 766 manusque
780 696 852 750 collo

334 781 435 833 Amhas
452 781 573 834 iniiciens
590 786 670 846 roget
688 780 796 833 morari.

334 864 414 933 Qae
432 879 513 929 nunc,
531 864 553 915 si
571 863 637 914 mihi
654 877 720 914 uera
738 861 907 928 nuntiantur,

337 945 417 998 Illum
435 945 542 1013 deperit
559 945 710 1012 impotente
727 958 830 996 amore.

334 1027 407 1081 Nam
425 1044 480 1097 quo
498 1033 622 1100 tempore
639 1026 704 1092 legit
722 1024 877 1078 inchoatam

335 1110 466 1179 Dindymi
483 1109 630 1176 dominam,
650 1124 684 1161 ex
702 1124 736 1162 eo
754 1108 872 1160 misellae

336 1194 415 1260 Ignes
433 1193 592 1245 interiorem
609 1192 694 1245 edunt
712 1192 865 1246 medullam.

336 1277 451 1343 Ignosco
469 1275 528 1342 tibi,
548 1275 679 1344 Sapphica
696 1274 784 1342 puella

335 1359 417 1413 Musa
434 1358 559 1425 doctior3
584 1365 626 1410 est
644 1358 717 1410 enim
734 1361 850 1411 uenuste

337 1441 440 1509 Magna
457 1441 577 1496 Caecilio
595 1441 723 1494 inchoata
740 1445 837 1493 mater.

597 1648 737 1701 XXXVI.

335 1801 475 1852 Anninus
493 1797 596 1862 Volusi,
613 1801 708 1848 cacata
725 1799 810 1862 carta,

333 1880 435 1934 Votum
453 1881 550 1933 soluite
567 1895 617 1946 pro
635 1894 698 1931 mea
714 1878 811 1946 puella.

333 1963 405 2018 Nam
423 1969 531 2017 sanctae
550 1961 652 2014 Veneri
672 1960 854 2031 Cupidinique

333 2048 425 2114 Vouit,
443 2047 465 2100 si
483 2046 533 2099 sibi
550 2045 690 2098 restitutus
708 2060 795 2098 essem

333 2131 526 2198 Desissemque
544 2135 636 2182 truces
654 2125 762 2180 uibrare
782 2126 893 2192 iambos,

332 2213 501 2267 Electissima
518 2212 626 2280 pessimi
644 2217 742 2280 poetae

334 2296 440 2365 Scripta
457 2295 592 2362 tardipedi
610 2294 664 2347 deo
682 2293 807 2346 daturam

334 2378 491 2432 infelicibus
508 2377 651 2430 ustulanda
668 2376 753 2443 lignis.

333 2461 371 2515 Et
388 2461 441 2514 hoc
459 2459 575 2528 pessima
591 2474 621 2511 se
639 2459 728 2526 puella
746 2457 816 2510 uidit

335 2545 432 2598 locose
448 2543 537 2611 lepide
555 2557 657 2612 uquere
675 2541 752 2594 diuis.

333 2626 414 2680 Nunc
432 2643 450 2680 o
468 2625 593 2679 caeruleo
611 2630 703 2677 creata
719 2629 814 2692 ponto,

334 2712 412 2780 Qae
430 2714 554 2762 sanctum
572 2707 690 2772 idalium
708 2707 844 2774 Vriosque
862 2711 980 2774 apertos,

333 2793 466 2860 Quaeque
484 2792 598 2843 Ancona
617 2788 790 2856 Cnidumque
808 2788 1019 2841 harundinosam

334 2875 416 2940 Colis,
434 2889 558 2943 quaeque
577 2871 753 2937 Amathunta,
771 2886 898 2939 quaeque
916 2873 1026 2939 Golgos,

333 2959 466 3028 Qaeque
485 2955 669 3008 Durrachium
686 2953 786 3007 Adriae
804 2953 964 3023 tabernam3
1100 2971 1130 3020 15

332 3042 484 3107 Acceptum
502 3037 562 3092 face
580 3037 772 3104 redditumque
789 3042 895 3102 uotum,

332 3123 360 3175 Si
378 3138 434 3175 non
453 3120 590 3188 illepidum
608 3135 697 3188 neque
714 3119 888 3174 inuenustum
906 3124 956 3174 est.

331 3207 370 3258 At
387 3221 437 3258 uos
454 3204 559 3256 interea
576 3203 668 3255 uenite
687 3203 715 3254 in
733 3202 833 3270 ignem,

331 3287 409 3342 Pleni
427 3286 496 3339 ruris
512 3291 542 3337 et
560 3284 740 3337 inficetiarum

331 3368 449 3424 Annales
466 3367 568 3435 Volusi,
587 3372 680 3421 cacata
697 3371 781 3420 carta.
