2608 3964
476 416 627 467 curm!
647 415 755 467 oARM.
774 431 812 470 ιι.

318 566 469 620 iocundum
486 582 517 618 os
535 565 682 634 oculosque
699 566 831 620 sauiabor.

318 649 343 700 0
362 655 493 717 quantum
511 653 553 701 est
570 649 710 701 hominurn
728 650 888 718 beatiorum,

318 733 393 802 Qid
410 747 454 785 me
472 732 567 786 laetius
585 739 627 785 est
644 731 801 786 beatiusuel

620 1005 673 1058 XI.

318 1177 394 1230 va
413 1183 442 1230 et
460 1177 562 1244 Aureli,
580 1176 695 1230 comites
714 1175 822 1242 Catulli,

317 1260 379 1313 Siue
398 1261 426 1312 in
444 1267 581 1313 extremos
598 1257 754 1328 penetrabit
773 1258 863 1325 Indos,

316 1341 395 1396 Litus
412 1349 443 1395 ut
459 1343 539 1408 longe
557 1347 701 1394 resonante
720 1340 780 1394 an

489 1424 629 1478 Tunditur
645 1424 727 1490 unda,

316 1509 378 1561 Siue
397 1509 424 1560 in
444 1508 588 1576 Hyrcanos
606 1507 762 1575 Arabesque
780 1506 882 1575 molleS,

317 1593 369 1644 Seu
388 1592 467 1644 Sacas
483 1589 701 1657 sagittiferosque
719 1589 843 1650 Parthos,

318 1674 379 1726 siue
397 1689 467 1743 quae
485 1673 711 1740 septemgeminus
729 1672 834 1726 colorat

489 1757 618 1823 Aequora
634 1754 720 1822 Nilus,

316 1839 377 1892 Siue
395 1844 471 1891 trans
488 1839 555 1890 altas
572 1838 710 1904 gradietur
728 1837 817 1904 Alpes,

315 1921 436 1974 Caesaris
453 1921 542 1973 uisens
558 1921 727 1983 monimenta
744 1919 842 1986 magni,

316 2004 450 2056 Gallicum
469 2002 596 2056 Rhenum
613 2002 772 2055 horribilem
790 2001 904 2055 insulam
922 2001 986 2054 ulti·

490 2100 604 2153 mosque
622 2085 777 2151 Britannos,

316 2169 415 2222 Omnia
432 2169 507 2235 haec,
527 2184 705 2237 quaecunque
723 2166 795 2220 feret
812 2167 937 2220 uoluntas

316 2249 459 2316 Caelitum,
477 2257 584 2303 tentare
601 2251 679 2302 simul
697 2250 793 2319 parati,

314 2333 405 2386 Pauca
422 2333 545 2385 nuntiate
563 2349 641 2386 meae
658 2333 763 2400 puellae

488 2416 552 2468 Non
569 2415 641 2469 bona
658 2415 740 2468 dicta.

314 2498 386 2552 Cum
405 2497 458 2550 suis
476 2499 551 2550 uiuat
569 2498 713 2566 ualeatque
731 2495 861 2564 moechis,

314 2583 393 2652 Q10s
411 2581 490 2634 simul
507 2581 648 2648 complexa
665 2585 743 2632 tenet
761 2584 910 2646 trecentos,

314 2663 425 2717 Nullum
442 2680 534 2716 amans
551 2679 625 2729 uere,
644 2663 692 2715 sed
710 2662 860 2715 identidem
878 2651 1000 2714 omnium

490 2748 539 2800 Ilia
556 2762 701 2814 rumpens:

313 2830 374 2884 Nec
392 2847 485 2883 meum
502 2834 646 2897 respectet,
664 2835 696 2882 ut
713 2833 785 2894 ante,
804 2843 934 2896 amorem,

315 2915 370 2985 Qi
389 2914 456 2966 illius
474 2913 552 2980 culpa
569 2912 667 2965 cecidit
685 2912 761 2964 uelut
778 2911 848 2979 prati

314 2997 410 3052 Vltimi
427 2998 484 3063 flos,
502 3001 693 3064 praetereunte
710 3009 842 3062 posquam

490 3078 594 3132 Tactus
612 3083 703 3132 aratro
721 3082 772 3132 est.
