<?xml version="1.0" encoding="UTF-8"?>
<!DOCTYPE html PUBLIC "-//W3C//DTD XHTML 1.0 Transitional//EN"
    "http://www.w3.org/TR/xhtml1/DTD/xhtml1-transitional.dtd">
<html xmlns="http://www.w3.org/1999/xhtml" xml:lang="en" lang="en">
 <head>
  <title>
</title>
<meta http-equiv="Content-Type" content="text/html;charset=utf-8" />
  <meta name='ocr-system' content='tesseract 3.04.00' />
  <meta name='ocr-capabilities' content='ocr_page ocr_carea ocr_par ocr_line ocrx_word'/>
</head>
<body>
  <div class='ocr_page' id='page_1' title='image "./catvlliveronens00elligoog_0074.png"; bbox 0 0 2608 3964; ppageno 0'>
   <div class='ocr_carea' id='block_1_1' title="bbox 412 398 1097 468">
    <p class='ocr_par' dir='ltr' id='par_1_1' title="bbox 412 398 1097 468">
     <span class='ocr_line' id='line_1_1' title="bbox 412 398 1097 468; baseline 0 -19"><span class='ocrx_word' id='word_1_1' title='bbox 412 398 564 450; x_wconf 66' lang='lat' dir='ltr'><strong>curvant</strong></span> <span class='ocrx_word' id='word_1_2' title='bbox 586 399 696 452; x_wconf 82' lang='lat' dir='ltr'><strong>uARM.</strong></span> <span class='ocrx_word' id='word_1_3' title='bbox 716 413 840 462; x_wconf 73' lang='lat' dir='ltr'><strong>ion-104,</strong></span> <span class='ocrx_word' id='word_1_4' title='bbox 1057 398 1097 468; x_wconf 79' lang='lat'><strong>59</strong></span> 
     </span>
    </p>
   </div>
   <div class='ocr_carea' id='block_1_2' title="bbox 229 543 1099 1035">
    <p class='ocr_par' dir='ltr' id='par_1_2' title="bbox 229 543 1097 696">
     <span class='ocr_line' id='line_1_2' title="bbox 229 543 1097 616; baseline -0.002 -18"><span class='ocrx_word' id='word_1_5' title='bbox 229 544 458 616; x_wconf 74' lang='lat' dir='ltr'><strong>Qtandoqnidem</strong></span> <span class='ocrx_word' id='word_1_6' title='bbox 475 545 585 598; x_wconf 84' lang='lat' dir='ltr'><strong>fortuna</strong></span> <span class='ocrx_word' id='word_1_7' title='bbox 602 545 669 599; x_wconf 91' lang='lat' dir='ltr'><strong>mihi</strong></span> <span class='ocrx_word' id='word_1_8' title='bbox 687 549 745 598; x_wconf 88' lang='lat' dir='ltr'><strong>tete</strong></span> <span class='ocrx_word' id='word_1_9' title='bbox 764 544 876 598; x_wconf 90' lang='lat' dir='ltr'><strong>abstulit</strong></span> <span class='ocrx_word' id='word_1_10' title='bbox 893 543 990 613; x_wconf 88' lang='lat' dir='ltr'><strong>ipsum,</strong></span> <span class='ocrx_word' id='word_1_11' title='bbox 1082 558 1097 608; x_wconf 83' lang='lat'><strong>5</strong></span> 
     </span>
     <span class='ocr_line' id='line_1_3' title="bbox 264 627 898 696; baseline -0.003 -14"><span class='ocrx_word' id='word_1_12' title='bbox 264 628 330 682; x_wconf 89' lang='lat' dir='ltr'><strong>Heu</strong></span> <span class='ocrx_word' id='word_1_13' title='bbox 347 629 429 682; x_wconf 86' lang='lat' dir='ltr'><strong>miser</strong></span> <span class='ocrx_word' id='word_1_14' title='bbox 446 629 555 695; x_wconf 83' lang='lat' dir='ltr'><strong>indigne</strong></span> <span class='ocrx_word' id='word_1_15' title='bbox 573 627 659 682; x_wconf 85' lang='lat' dir='ltr'><strong>frater</strong></span> <span class='ocrx_word' id='word_1_16' title='bbox 677 627 805 696; x_wconf 85' lang='lat' dir='ltr'><strong>adempte</strong></span> <span class='ocrx_word' id='word_1_17' title='bbox 823 627 898 694; x_wconf 89' lang='lat' dir='ltr'><strong>mihi,</strong></span> 
     </span>
    </p>

    <p class='ocr_par' dir='ltr' id='par_1_3' title="bbox 230 710 1081 862">
     <span class='ocr_line' id='line_1_4' title="bbox 230 710 1081 780; baseline -0.001 -16"><span class='ocrx_word' id='word_1_18' title='bbox 230 710 311 766; x_wconf 90' lang='lat' dir='ltr'><strong>Nunc</strong></span> <span class='ocrx_word' id='word_1_19' title='bbox 328 719 420 766; x_wconf 83' lang='lat' dir='ltr'><strong>tamen</strong></span> <span class='ocrx_word' id='word_1_20' title='bbox 439 712 544 765; x_wconf 88' lang='lat' dir='ltr'><strong>interea</strong></span> <span class='ocrx_word' id='word_1_21' title='bbox 560 712 628 765; x_wconf 86' lang='lat' dir='ltr'><strong>haec</strong></span> <span class='ocrx_word' id='word_1_22' title='bbox 646 712 735 780; x_wconf 87' lang='lat' dir='ltr'><strong>prisco</strong></span> <span class='ocrx_word' id='word_1_23' title='bbox 754 727 824 780; x_wconf 91' lang='lat' dir='ltr'><strong>quae</strong></span> <span class='ocrx_word' id='word_1_24' title='bbox 843 727 920 765; x_wconf 79' lang='lat' dir='ltr'><strong>mone</strong></span> <span class='ocrx_word' id='word_1_25' title='bbox 938 717 1081 780; x_wconf 89' lang='lat' dir='ltr'><strong>parentum</strong></span> 
     </span>
     <span class='ocr_line' id='line_1_5' title="bbox 265 793 870 862; baseline -0.005 -13"><span class='ocrx_word' id='word_1_26' title='bbox 265 794 382 849; x_wconf 83' lang='lat' dir='ltr'>Tradita</span> <span class='ocrx_word' id='word_1_27' title='bbox 399 800 463 849; x_wconf 87' lang='lat' dir='ltr'><strong>sunt</strong></span> <span class='ocrx_word' id='word_1_28' title='bbox 480 794 552 848; x_wconf 87' lang='lat' dir='ltr'><strong>tristi</strong></span> <span class='ocrx_word' id='word_1_29' title='bbox 570 810 684 848; x_wconf 86' lang='lat' dir='ltr'><strong>munere</strong></span> <span class='ocrx_word' id='word_1_30' title='bbox 702 793 737 848; x_wconf 87' lang='lat' dir='ltr'><strong>ad</strong></span> <span class='ocrx_word' id='word_1_31' title='bbox 754 794 870 862; x_wconf 85' lang='lat' dir='ltr'><strong>inferias,</strong></span> 
     </span>
    </p>

    <p class='ocr_par' dir='ltr' id='par_1_4' title="bbox 230 876 1099 1035">
     <span class='ocr_line' id='line_1_6' title="bbox 230 876 853 948; baseline -0.002 -16"><span class='ocrx_word' id='word_1_32' title='bbox 230 879 331 948; x_wconf 86' lang='lat' dir='ltr'><strong>Accipe</strong></span> <span class='ocrx_word' id='word_1_33' title='bbox 349 877 471 931; x_wconf 87' lang='lat' dir='ltr'><strong>fraterno</strong></span> <span class='ocrx_word' id='word_1_34' title='bbox 489 878 606 931; x_wconf 91' lang='lat' dir='ltr'><strong>multum</strong></span> <span class='ocrx_word' id='word_1_35' title='bbox 623 877 761 930; x_wconf 85' lang='lat' dir='ltr'><strong>manantia</strong></span> <span class='ocrx_word' id='word_1_36' title='bbox 779 876 853 944; x_wconf 89' lang='lat' dir='ltr'><strong>fletu,</strong></span> 
     </span>
     <span class='ocr_line' id='line_1_7' title="bbox 265 959 1099 1035; baseline -0.004 -21"><span class='ocrx_word' id='word_1_37' title='bbox 265 963 357 1031; x_wconf 86' lang='lat' dir='ltr'><strong>Atque</strong></span> <span class='ocrx_word' id='word_1_38' title='bbox 374 962 402 1015; x_wconf 90' lang='lat' dir='ltr'><strong>in</strong></span> <span class='ocrx_word' id='word_1_39' title='bbox 420 967 591 1032; x_wconf 84' lang='lat' dir='ltr'><strong>perpetuum,</strong></span> <span class='ocrx_word' id='word_1_40' title='bbox 609 959 702 1026; x_wconf 83' lang='lat' dir='ltr'><strong>frater,</strong></span> <span class='ocrx_word' id='word_1_41' title='bbox 721 966 872 1035; x_wconf 81' lang='lat' dir='ltr'><strong>adeatque</strong></span> <span class='ocrx_word' id='word_1_42' title='bbox 890 960 959 1014; x_wconf 87' lang='lat' dir='ltr'><strong>nale.</strong></span> <span class='ocrx_word' id='word_1_43' title='bbox 1067 977 1099 1013; x_wconf 89' lang='lat'><strong>10</strong></span> 
     </span>
    </p>
   </div>
   <div class='ocr_carea' id='block_1_3' title="bbox 600 1281 663 1336">
    <p class='ocr_par' dir='ltr' id='par_1_5' title="bbox 600 1281 663 1336">
     <span class='ocr_line' id='line_1_8' title="bbox 600 1281 663 1336; baseline 0.032 -2"><span class='ocrx_word' id='word_1_44' title='bbox 600 1281 663 1336; x_wconf 90' lang='lat' dir='ltr'><strong>CII.</strong></span> 
     </span>
    </p>
   </div>
   <div class='ocr_carea' id='block_1_4' title="bbox 233 1443 1020 1763">
    <p class='ocr_par' dir='ltr' id='par_1_6' title="bbox 233 1443 1020 1596">
     <span class='ocr_line' id='line_1_9' title="bbox 233 1443 1020 1515; baseline -0.001 -17"><span class='ocrx_word' id='word_1_45' title='bbox 233 1446 263 1498; x_wconf 84' lang='lat' dir='ltr'><strong>Sl</strong></span> <span class='ocrx_word' id='word_1_46' title='bbox 281 1444 426 1515; x_wconf 89' lang='lat' dir='ltr'><strong>quicquam</strong></span> <span class='ocrx_word' id='word_1_47' title='bbox 443 1443 528 1498; x_wconf 90' lang='lat' dir='ltr'><strong>tacito</strong></span> <span class='ocrx_word' id='word_1_48' title='bbox 547 1445 720 1498; x_wconf 90' lang='lat' dir='ltr'><strong>commissum</strong></span> <span class='ocrx_word' id='word_1_49' title='bbox 738 1449 780 1498; x_wconf 87' lang='lat' dir='ltr'><strong>est</strong></span> <span class='ocrx_word' id='word_1_50' title='bbox 798 1444 853 1498; x_wconf 88' lang='lat' dir='ltr'><strong>fido</strong></span> <span class='ocrx_word' id='word_1_51' title='bbox 871 1444 906 1498; x_wconf 86' lang='lat' dir='ltr'><strong>ab</strong></span> <span class='ocrx_word' id='word_1_52' title='bbox 923 1445 1020 1512; x_wconf 90' lang='lat' dir='ltr'><strong>amico,</strong></span> 
     </span>
     <span class='ocr_line' id='line_1_10' title="bbox 268 1526 804 1596; baseline -0.004 -14"><span class='ocrx_word' id='word_1_53' title='bbox 268 1528 352 1582; x_wconf 88' lang='lat' dir='ltr'><strong>Cuius</strong></span> <span class='ocrx_word' id='word_1_54' title='bbox 369 1528 403 1581; x_wconf 89' lang='lat' dir='ltr'><strong>sit</strong></span> <span class='ocrx_word' id='word_1_55' title='bbox 421 1526 528 1596; x_wconf 87' lang='lat' dir='ltr'><strong>penitus</strong></span> <span class='ocrx_word' id='word_1_56' title='bbox 546 1532 611 1580; x_wconf 88' lang='lat' dir='ltr'><strong>nota</strong></span> <span class='ocrx_word' id='word_1_57' title='bbox 629 1527 695 1580; x_wconf 85' lang='lat' dir='ltr'><strong>fides</strong></span> <span class='ocrx_word' id='word_1_58' title='bbox 713 1527 804 1595; x_wconf 89' lang='lat' dir='ltr'><strong>animi,</strong></span> 
     </span>
    </p>

    <p class='ocr_par' dir='ltr' id='par_1_7' title="bbox 234 1609 981 1763">
     <span class='ocr_line' id='line_1_11' title="bbox 234 1609 917 1680; baseline 0.001 -16"><span class='ocrx_word' id='word_1_59' title='bbox 234 1611 338 1680; x_wconf 90' lang='lat' dir='ltr'><strong>Meque</strong></span> <span class='ocrx_word' id='word_1_60' title='bbox 356 1626 414 1664; x_wconf 79' lang='lat' dir='ltr'><strong>esse</strong></span> <span class='ocrx_word' id='word_1_61' title='bbox 432 1610 553 1663; x_wconf 90' lang='lat' dir='ltr'><strong>inuenies</strong></span> <span class='ocrx_word' id='word_1_62' title='bbox 571 1609 678 1662; x_wconf 87' lang='lat' dir='ltr'><strong>iliorum</strong></span> <span class='ocrx_word' id='word_1_63' title='bbox 696 1610 754 1665; x_wconf 88' lang='lat' dir='ltr'><strong>iure</strong></span> <span class='ocrx_word' id='word_1_64' title='bbox 771 1617 917 1679; x_wconf 88' lang='lat' dir='ltr'><strong>sacratum,</strong></span> 
     </span>
     <span class='ocr_line' id='line_1_12' title="bbox 268 1692 981 1763; baseline 0.004 -18"><span class='ocrx_word' id='word_1_65' title='bbox 268 1693 386 1761; x_wconf 89' lang='lat' dir='ltr'><strong>Corneli,</strong></span> <span class='ocrx_word' id='word_1_66' title='bbox 405 1699 434 1746; x_wconf 93' lang='lat' dir='ltr'><strong>et</strong></span> <span class='ocrx_word' id='word_1_67' title='bbox 450 1692 553 1746; x_wconf 86' lang='lat' dir='ltr'><strong>factum</strong></span> <span class='ocrx_word' id='word_1_68' title='bbox 571 1708 616 1746; x_wconf 92' lang='lat' dir='ltr'><strong>me</strong></span> <span class='ocrx_word' id='word_1_69' title='bbox 634 1709 692 1746; x_wconf 86' lang='lat' dir='ltr'><strong>esse</strong></span> <span class='ocrx_word' id='word_1_70' title='bbox 710 1700 776 1762; x_wconf 85' lang='lat' dir='ltr'><strong>puta</strong></span> <span class='ocrx_word' id='word_1_71' title='bbox 794 1695 981 1763; x_wconf 72' lang='lat' dir='ltr'><strong>Arpocratem</strong></span> 
     </span>
    </p>
   </div>
   <div class='ocr_carea' id='block_1_5' title="bbox 593 2001 673 2060">
    <p class='ocr_par' dir='ltr' id='par_1_8' title="bbox 593 2001 673 2060">
     <span class='ocr_line' id='line_1_13' title="bbox 593 2001 673 2060; baseline 0.063 -5"><span class='ocrx_word' id='word_1_72' title='bbox 593 2001 673 2060; x_wconf 76' lang='lat' dir='ltr'><strong>cm,</strong></span> 
     </span>
    </p>
   </div>
   <div class='ocr_carea' id='block_1_6' title="bbox 233 2163 950 2484">
    <p class='ocr_par' dir='ltr' id='par_1_9' title="bbox 233 2163 936 2317">
     <span class='ocr_line' id='line_1_14' title="bbox 233 2163 928 2234; baseline 0.007 -18"><span class='ocrx_word' id='word_1_73' title='bbox 233 2164 300 2217; x_wconf 79' lang='lat' dir='ltr'><strong>Ava·</strong></span> <span class='ocrx_word' id='word_1_74' title='bbox 316 2164 396 2223; x_wconf 83' lang='lat' dir='ltr'><strong>sodes</strong></span> <span class='ocrx_word' id='word_1_75' title='bbox 413 2165 478 2220; x_wconf 91' lang='lat' dir='ltr'><strong>mihi</strong></span> <span class='ocrx_word' id='word_1_76' title='bbox 497 2163 581 2218; x_wconf 89' lang='lat' dir='ltr'><strong>redde</strong></span> <span class='ocrx_word' id='word_1_77' title='bbox 600 2165 697 2218; x_wconf 91' lang='lat' dir='ltr'><strong>decem</strong></span> <span class='ocrx_word' id='word_1_78' title='bbox 714 2164 845 2233; x_wconf 85' lang='lat' dir='ltr'><strong>sestertia,</strong></span> <span class='ocrx_word' id='word_1_79' title='bbox 865 2164 928 2234; x_wconf 80' lang='lat' dir='ltr'><strong>silo,</strong></span> 
     </span>
     <span class='ocr_line' id='line_1_15' title="bbox 269 2246 936 2317; baseline 0.009 -18"><span class='ocrx_word' id='word_1_80' title='bbox 269 2246 377 2302; x_wconf 89' lang='lat' dir='ltr'><strong>Deinde</strong></span> <span class='ocrx_word' id='word_1_81' title='bbox 394 2254 455 2310; x_wconf 87' lang='lat' dir='ltr'><strong>esto</strong></span> <span class='ocrx_word' id='word_1_82' title='bbox 472 2247 595 2317; x_wconf 89' lang='lat' dir='ltr'><strong>quamuis</strong></span> <span class='ocrx_word' id='word_1_83' title='bbox 611 2263 707 2301; x_wconf 88' lang='lat' dir='ltr'><strong>saeuus</strong></span> <span class='ocrx_word' id='word_1_84' title='bbox 725 2253 754 2301; x_wconf 92' lang='lat' dir='ltr'><strong>et</strong></span> <span class='ocrx_word' id='word_1_85' title='bbox 772 2247 936 2305; x_wconf 75' lang='lat' dir='ltr'><strong>indomitust</strong></span> 
     </span>
    </p>

    <p class='ocr_par' dir='ltr' id='par_1_10' title="bbox 233 2329 950 2484">
     <span class='ocr_line' id='line_1_16' title="bbox 233 2329 870 2400; baseline 0.005 -19"><span class='ocrx_word' id='word_1_86' title='bbox 233 2329 298 2397; x_wconf 78' lang='lat' dir='ltr'><strong>Aut,</strong></span> <span class='ocrx_word' id='word_1_87' title='bbox 314 2331 336 2384; x_wconf 91' lang='lat' dir='ltr'><strong>si</strong></span> <span class='ocrx_word' id='word_1_88' title='bbox 354 2337 383 2384; x_wconf 91' lang='lat' dir='ltr'><strong>te</strong></span> <span class='ocrx_word' id='word_1_89' title='bbox 401 2333 476 2385; x_wconf 89' lang='lat' dir='ltr'><strong>numi</strong></span> <span class='ocrx_word' id='word_1_90' title='bbox 494 2331 640 2398; x_wconf 86' lang='lat' dir='ltr'><strong>delectant,</strong></span> <span class='ocrx_word' id='word_1_91' title='bbox 657 2331 751 2385; x_wconf 91' lang='lat' dir='ltr'><strong>desine</strong></span> <span class='ocrx_word' id='word_1_92' title='bbox 770 2347 870 2400; x_wconf 85' lang='lat' dir='ltr'><strong>quaeso</strong></span> 
     </span>
     <span class='ocr_line' id='line_1_17' title="bbox 269 2413 950 2484; baseline 0.006 -18"><span class='ocrx_word' id='word_1_93' title='bbox 269 2413 347 2467; x_wconf 90' lang='lat' dir='ltr'><strong>Leno</strong></span> <span class='ocrx_word' id='word_1_94' title='bbox 364 2429 423 2468; x_wconf 88' lang='lat' dir='ltr'><strong>esse</strong></span> <span class='ocrx_word' id='word_1_95' title='bbox 440 2420 523 2484; x_wconf 89' lang='lat' dir='ltr'><strong>atque</strong></span> <span class='ocrx_word' id='word_1_96' title='bbox 541 2415 615 2468; x_wconf 91' lang='lat' dir='ltr'><strong>idem</strong></span> <span class='ocrx_word' id='word_1_97' title='bbox 632 2429 728 2468; x_wconf 88' lang='lat' dir='ltr'><strong>saeuus</strong></span> <span class='ocrx_word' id='word_1_98' title='bbox 746 2419 776 2467; x_wconf 90' lang='lat' dir='ltr'><strong>et</strong></span> <span class='ocrx_word' id='word_1_99' title='bbox 793 2415 950 2471; x_wconf 85' lang='lat' dir='ltr'><strong>indomitus.</strong></span> 
     </span>
    </p>
   </div>
   <div class='ocr_carea' id='block_1_7' title="bbox 597 2724 672 2780">
    <p class='ocr_par' dir='ltr' id='par_1_11' title="bbox 597 2724 672 2780">
     <span class='ocr_line' id='line_1_18' title="bbox 597 2724 672 2780; baseline 0 -2"><span class='ocrx_word' id='word_1_100' title='bbox 597 2724 672 2780; x_wconf 79' lang='lat' dir='ltr'><strong>civ,</strong></span> 
     </span>
    </p>
   </div>
   <div class='ocr_carea' id='block_1_8' title="bbox 235 2892 1005 3211">
    <p class='ocr_par' dir='ltr' id='par_1_12' title="bbox 235 2892 1005 3211">
     <span class='ocr_line' id='line_1_19' title="bbox 235 2892 918 2964; baseline 0.001 -17"><span class='ocrx_word' id='word_1_101' title='bbox 235 2893 346 2948; x_wconf 73' lang='lat' dir='ltr'><strong>Cnnms</strong></span> <span class='ocrx_word' id='word_1_102' title='bbox 363 2909 408 2948; x_wconf 90' lang='lat' dir='ltr'><strong>me</strong></span> <span class='ocrx_word' id='word_1_103' title='bbox 425 2895 544 2964; x_wconf 86' lang='lat' dir='ltr'><strong>potuisse</strong></span> <span class='ocrx_word' id='word_1_104' title='bbox 561 2909 639 2948; x_wconf 89' lang='lat' dir='ltr'><strong>meae</strong></span> <span class='ocrx_word' id='word_1_105' title='bbox 656 2893 819 2948; x_wconf 85' lang='lat' dir='ltr'><strong>maledicere</strong></span> <span class='ocrx_word' id='word_1_106' title='bbox 836 2892 918 2961; x_wconf 86' lang='lat' dir='ltr'><strong>uitae,</strong></span> 
     </span>
     <span class='ocr_line' id='line_1_20' title="bbox 269 2976 963 3047; baseline 0.009 -19"><span class='ocrx_word' id='word_1_107' title='bbox 269 2976 408 3030; x_wconf 89' lang='lat' dir='ltr'><strong>Ambobus</strong></span> <span class='ocrx_word' id='word_1_108' title='bbox 425 2977 491 3032; x_wconf 85' lang='lat' dir='ltr'><strong>mihi</strong></span> <span class='ocrx_word' id='word_1_109' title='bbox 509 2993 579 3047; x_wconf 89' lang='lat' dir='ltr'><strong>quae</strong></span> <span class='ocrx_word' id='word_1_110' title='bbox 597 2977 686 3031; x_wconf 86' lang='lat' dir='ltr'><strong>carior</strong></span> <span class='ocrx_word' id='word_1_111' title='bbox 703 2982 745 3030; x_wconf 88' lang='lat' dir='ltr'><strong>est</strong></span> <span class='ocrx_word' id='word_1_112' title='bbox 761 2976 865 3034; x_wconf 77' lang='lat' dir='ltr'><strong>oculis?</strong></span> <span class='ocrx_word' id='word_1_113' title='bbox 962 2979 963 2984; x_wconf 72' lang='grc'>’</span> 
     </span>
     <span class='ocr_line' id='line_1_21' title="bbox 235 3057 1005 3140; baseline 0.003 -28"><span class='ocrx_word' id='word_1_114' title='bbox 235 3057 298 3112; x_wconf 89' lang='lat' dir='ltr'><strong>Non</strong></span> <span class='ocrx_word' id='word_1_115' title='bbox 315 3059 400 3128; x_wconf 90' lang='lat' dir='ltr'><strong>potui,</strong></span> <span class='ocrx_word' id='word_1_116' title='bbox 417 3075 479 3126; x_wconf 88' lang='lat' dir='ltr'><strong>nec,</strong></span> <span class='ocrx_word' id='word_1_117' title='bbox 496 3061 518 3113; x_wconf 91' lang='lat' dir='ltr'><strong>si</strong></span> <span class='ocrx_word' id='word_1_118' title='bbox 536 3076 650 3128; x_wconf 88' lang='lat' dir='ltr'><strong>possem,</strong></span> <span class='ocrx_word' id='word_1_119' title='bbox 669 3065 727 3114; x_wconf 90' lang='lat' dir='ltr'><strong>tam</strong></span> <span class='ocrx_word' id='word_1_120' title='bbox 744 3061 851 3129; x_wconf 87' lang='lat' dir='ltr'><strong>perdite</strong></span> <span class='ocrx_word' id='word_1_121' title='bbox 869 3073 1005 3140; x_wconf 71' lang='lat' dir='ltr'><strong>amarem:</strong></span> 
     </span>
     <span class='ocr_line' id='line_1_22' title="bbox 270 3140 942 3211; baseline 0.009 -17"><span class='ocrx_word' id='word_1_122' title='bbox 270 3141 323 3194; x_wconf 86' lang='lat' dir='ltr'><strong>Sed</strong></span> <span class='ocrx_word' id='word_1_123' title='bbox 341 3145 373 3195; x_wconf 92' lang='lat' dir='ltr'><strong>tu</strong></span> <span class='ocrx_word' id='word_1_124' title='bbox 388 3157 453 3198; x_wconf 86' lang='lat' dir='ltr'><strong>cum</strong></span> <span class='ocrx_word' id='word_1_125' title='bbox 471 3142 606 3211; x_wconf 88' lang='lat' dir='ltr'><strong>Tappone</strong></span> <span class='ocrx_word' id='word_1_126' title='bbox 619 3143 714 3197; x_wconf 83' lang='lat' dir='ltr'><strong>omnia</strong></span> <span class='ocrx_word' id='word_1_127' title='bbox 731 3149 854 3198; x_wconf 81' lang='lat' dir='ltr'><strong>monstra</strong></span> <span class='ocrx_word' id='word_1_128' title='bbox 869 3140 942 3200; x_wconf 80' lang='lat' dir='ltr'><strong>facis,</strong></span> 
     </span>
    </p>
   </div>
   <div class='ocr_carea' id='block_1_9' title="bbox 0 0 1316 3964">
    <p class='ocr_par' dir='ltr' id='par_1_13' title="bbox 0 0 1316 3964">
     <span class='ocr_line' id='line_1_23' title="bbox 0 0 1316 3964; baseline 0 0"><span class='ocrx_word' id='word_1_129' title='bbox 0 0 1316 3964; x_wconf 95' lang='lat' dir='ltr'><strong> </strong></span> 
     </span>
    </p>
   </div>
  </div>
 </body>
</html>
