2608 3964
495 391 648 440 carrum
669 392 778 441 canu.
795 393 836 453 ⁶5.

263 542 348 608 Saepe
366 545 445 607 pater
463 539 557 592 diuum
575 541 679 609 templo
698 541 725 593 in
744 540 867 607 fulgente
884 540 1015 608 reuisens

261 624 360 675 Annua
378 638 441 675 cum
459 622 534 675 festis
553 625 690 676 uenissent
707 640 783 676 sacra
801 623 904 689 diebus,
932 641 936 646 ·

263 706 420 773 Conspexit
430 713 504 758 terra
523 713 635 759 centum
652 707 833 774 procumbere
852 714 954 762 tauros.

263 790 349 855 Saepe
367 805 450 854 uagus
469 789 554 840 Liber
573 789 684 842 Parnasi
702 789 806 842 uertice
825 805 933 842 summo
1085 803 1138 854 390

262 869 391 937 Thyadas
409 871 499 923 effusis
518 871 624 924 euantis
643 871 763 924 crinibus
782 873 847 937 egit,

264 952 334 1004 Cum
354 953 454 1020 Delphi
472 959 532 1005 tota
551 954 678 1006 certatim
697 970 731 1006 ex
748 955 816 1006 urbe
835 960 949 1007 ruentes

262 1037 427 1102 Acciperent
445 1037 509 1088 laeti
527 1036 620 1106 diuum
639 1035 806 1089 fumantibus
824 1035 885 1088 aris.

264 1119 348 1185 Saepe
367 1119 394 1170 in
413 1117 520 1171 letifero
538 1118 601 1171 beili
619 1119 769 1172 certamine
788 1119 902 1171 Mauors

262 1203 318 1252 Aut
337 1201 422 1268 rapidi
442 1201 566 1254 Tritonis
583 1203 650 1254 hera
668 1209 715 1256 aut
735 1201 882 1254 Ramnusia
899 1202 978 1267 uirgo
1086 1217 1135 1265 395

262 1284 388 1335 Armatas
405 1283 546 1335 hominum
566 1291 607 1336 est
624 1301 752 1352 praesens
771 1285 879 1336 hortata
897 1289 1030 1336 cateruas.

263 1366 315 1417 Sed
334 1371 478 1433 postquam
497 1367 577 1419 tellus
594 1367 698 1419 scelere
717 1374 758 1420 est
776 1367 880 1419 imbuta
898 1366 1026 1434 nefando,

264 1448 454 1518 Iustitiamque
473 1465 568 1502 omnes
586 1449 684 1517 cupida
702 1451 737 1502 de
756 1457 849 1502 mente
867 1449 1004 1516 fugarunt,

263 1530 413 1583 Perfudere
432 1547 527 1584 manus
545 1532 668 1585 fraterno
685 1533 814 1598 sanguine
832 1532 939 1599 fratres,

263 1613 378 1665 Destitit
397 1614 534 1667 extinctos
552 1621 631 1667 natus
648 1615 741 1680 lugere
759 1621 896 1683 parentes,
1083 1633 1137 1681 400

262 1696 375 1762 Optauit
395 1697 503 1762 genitor
520 1698 651 1764 primaeui
670 1697 766 1750 funera
784 1699 850 1763 nati,

263 1775 347 1830 Liber
365 1786 395 1830 ut
413 1778 542 1846 innuptae
561 1786 703 1846 poteretur
721 1781 787 1833 flore
807 1796 951 1848 nouercae,
1019 1801 1021 1810 ’

263 1861 361 1926 ignaro
379 1868 468 1913 mater
485 1862 660 1914 substernens
678 1879 707 1915 se
726 1863 806 1930 impia
825 1870 891 1916 nato

264 1945 351 2011 Impia
370 1960 424 1996 non
443 1944 531 1996 uerita
549 1950 591 1996 est
609 1945 687 1997 diuos
706 1946 840 1998 scelerare
859 1950 994 2012 parentes,

262 2027 361 2078 Omnia
379 2026 461 2080 fanda
479 2027 598 2090 nefanda
614 2028 685 2079 malo
704 2028 839 2094 permixta
857 2027 950 2080 surore
1084 2045 1136 2093 405

264 2108 410 2161 iustificam
429 2110 507 2161 nobis
525 2116 648 2162 mentem
666 2118 791 2163 auertere
810 2111 934 2166 deorum.

263 2193 355 2259 Qare
374 2208 425 2244 nec
444 2192 504 2244 talis
522 2192 667 2258 dignantur
685 2192 774 2244 uisere
792 2198 895 2258 coetus,

261 2273 321 2328 Nec
339 2291 367 2328 se
386 2275 505 2340 contingi
524 2276 666 2342 patiuntur
683 2275 784 2327 lumine
803 2275 885 2329 claro.

619 2603 708 2659 LXV.

260 2789 335 2842 Etsi
353 2803 399 2840 me
416 2786 523 2841 assiduo
541 2785 699 2839 confectum
718 2801 784 2838 cura
802 2783 897 2838 dolore

297 2871 414 2922 Seuocat
432 2885 448 2921 a
466 2869 562 2934 doctis,
582 2869 684 2933 Ortale,
703 2867 859 2934 uirginibus,

260 2951 321 3004 Nec
340 2951 412 3019 potis
430 2958 472 3003 est
491 2951 576 3003 dulcis
595 2950 737 3002 Musarum
756 2965 917 3017 expromere
936 2949 1009 3003 fetus

296 3034 378 3086 Mens
397 3035 487 3100 animi,
507 3034 588 3086 tantis
606 3032 720 3085 fluctuat
739 3034 794 3100 ipsa
812 3033 906 3086 malis:

260 3116 387 3182 Namque
405 3117 459 3168 mei
477 3133 565 3183 nuper
582 3115 705 3168 Lethaeo
725 3116 752 3166 in
771 3116 877 3182 gurgite
896 3113 988 3166 fratris

296 3198 456 3251 Pallidulum
477 3215 588 3252 manans
605 3197 680 3250 alluit
698 3198 771 3250 unda
788 3198 896 3265 pedem,

262 3282 349 3336 Troia
369 3281 495 3334 Rhoeteo
514 3297 596 3349 quem
614 3281 708 3333 subter
726 3281 806 3332 litore
825 3279 906 3334 tellus

297 3363 431 3433 Ereptum
449 3364 548 3416 nostris
566 3362 669 3415 obterit
688 3379 722 3415 ex
739 3363 833 3415 oculis.
