2608 3964
183 401 225 488 36
482 416 634 466 carrum
655 417 764 468 canu.
780 416 822 479 64.

214 565 350 620 ,Omnibus
367 565 409 619 his
427 565 528 620 Thesei
546 568 655 622 dulcem
673 567 840 636 praeoptarit
858 581 988 632 amorem,

217 652 274 703 Aut
291 655 323 703 ut
340 656 420 704 uecta
437 652 502 703 ratis
520 667 647 719 spumosa
665 653 699 705 ad
717 652 798 704 litora
816 650 895 717 Diae,

218 735 273 785 Aut
291 739 322 785 ut
339 748 400 785 eam
506 734 663 787 deuinctam
681 735 783 787 lumina
801 749 899 786 somno

218 816 344 884 Liquerlt
362 817 505 869 inmemori
523 818 664 870 discedens
682 823 795 884 pectore
814 815 952 870 coniunx?

219 900 304 967 Saepe
323 900 394 952 illam
412 900 557 967 perhibent
575 901 681 953 ardenti
700 899 784 953 corde
802 898 941 952 furentem

219 983 371 1035 Clarisonas
389 983 444 1036 imo
463 982 563 1035 fudisse
581 999 597 1035 e
616 989 729 1050 pectore
746 998 837 1046 uoces,

218 1067 260 1118 Ac
278 1072 338 1118 tum
356 1072 517 1134 praeruptos
534 1066 641 1118 tristem
660 1065 844 1119 conscendere
862 1069 980 1130 montes,

218 1148 297 1201 Vnde
316 1149 403 1202 aciem
422 1149 449 1202 in
467 1149 552 1216 pelagi
572 1155 663 1202 uastos
681 1149 858 1217 protenderet
875 1153 974 1212 aestus,

220 1230 296 1283 Turn
315 1230 425 1284 tremuli
444 1231 505 1284 salis
522 1232 649 1284 aduersas
667 1246 830 1298 procurrere
848 1231 875 1282 in
894 1231 980 1283 undas

219 1313 315 1366 Mollia
334 1313 451 1368 nudatae
468 1314 612 1366 tollentem
630 1314 752 1380 tegmina
769 1328 856 1378 surae,

219 1398 311 1464 Atque
329 1397 395 1449 haec
414 1397 544 1449 extremis
561 1402 693 1450 maestam
712 1397 809 1449 dixisse
827 1394 953 1464 querelis,
1080 1410 1130 1460 130

221 1479 373 1546 Frigidulos
390 1480 445 1532 udo
464 1481 594 1546 singultus
612 1495 660 1532 ore
678 1480 806 1532 cientem.

220 1563 342 1615 ‘Siccine
359 1579 404 1614 me
422 1563 516 1629 patriis
534 1568 667 1626 auectam,
685 1561 796 1630 perfide,
814 1561 848 1613 ab
868 1561 929 1628 aris,

220 1645 335 1711 Perfide,
354 1646 464 1697 deserto
481 1645 581 1712 liquisti
601 1646 628 1697 in
646 1645 736 1710 litore,
755 1643 884 1696 Theseu?
937 1651 942 1662 ·

221 1729 326 1780 Siccine
345 1727 486 1781 discedens
504 1728 630 1793 neglecto
648 1727 759 1780 numine
780 1727 882 1791 diuum,

221 1808 361 1860 Inmemor
379 1810 412 1861 ah
431 1810 532 1862 deuota
550 1810 662 1862 domum
681 1809 799 1877 periuria
816 1809 928 1876 portasi

220 1890 336 1943 Nullane
354 1907 398 1944 res
415 1893 506 1959 potuit
524 1892 639 1944 crudelis
657 1891 767 1944 flectere
786 1892 885 1944 mentis

221 1973 389 2028 Consilium?
414 1975 464 2028 tibi
482 1975 554 2027 nulla
573 1974 626 2026 suit
644 1975 788 2027 clementia
806 1979 924 2041 praest0,

222 2058 321 2110 lnmite
339 2064 371 2111 ut
388 2051 475 2112 nostri
494 2059 575 2111 uellet
593 2058 769 2111 miserescere
787 2060 901 2125 pectus?

221 2141 258 2192 nt
276 2156 331 2193 non
350 2142 417 2194 haec
435 2144 572 2210 quondam
590 2143 668 2194 nobis
685 2142 814 2209 promissa
833 2141 930 2193 dedisti

221 2224 326 2277 Voce:¹
340 2224 405 2277 mihi
424 2241 479 2277 non
498 2224 565 2278 haec
584 2226 698 2276 miserae
717 2239 825 2290 sperare
843 2223 963 2288 iubebas,

221 2307 275 2359 Sed
293 2307 427 2359 connubia
445 2308 523 2372 laeta,
542 2308 589 2360 sed
608 2313 717 2374 optatos
733 2307 906 2375 hymenaeos

221 2391 300 2457 Qae
319 2397 418 2442 cuncta
435 2391 507 2443 aerei
526 2390 682 2457 discerpunt
701 2390 778 2440 irrita
796 2389 880 2441 uenti.

221 2472 295 2524 Turn
314 2472 367 2524 iam
386 2473 457 2524 nulla
476 2473 534 2524 uiro
553 2473 652 2525 iuranti
671 2471 772 2524 semina
789 2471 893 2536 credat,

220 2554 299 2607 Nulla
318 2555 368 2606 uiri
387 2561 478 2622 speret
495 2571 634 2608 sermones
652 2570 710 2607 esse
729 2553 837 2619 fideles3

220 2640 289 2708 Qus
307 2639 372 2690 dum
391 2639 491 2706 aliquid
510 2639 620 2706 cupiens
638 2639 743 2689 animus
760 2635 908 2703 praegestit
926 2635 1017 2701 apisci,
1081 2649 1128 2698 145

219 2721 264 2773 Nil
284 2727 410 2774 metuunt
429 2722 526 2786 iurare,
545 2721 612 2773 nihil
630 2721 792 2788 promittere
810 2724 941 2786 parcunt:

220 2805 274 2857 Sed
292 2803 370 2857 simul
388 2820 420 2857 ac
438 2805 551 2871 cupidae
570 2804 668 2856 mentis
687 2803 783 2854 satiata
801 2801 884 2853 libido
903 2808 954 2870 est,

220 2888 304 2940 Dicta
321 2888 386 2939 nihil
406 2893 537 2953 metuere,
555 2887 619 2939 nihil
638 2887 756 2953 periuria
778 2890 884 2937 curant.

220 2971 305 3022 Certe
324 2986 375 3036 ego
392 2977 421 3022 te
441 2971 467 3021 in
485 2970 576 3022 medio
595 2975 751 3021 uersantem
770 2967 880 3019 turbine
898 2966 947 3019 leti

221 3053 323 3119 Eripui,
342 3059 371 3105 et
390 3054 479 3120 potius
497 3068 656 3119 germanum
675 3052 801 3104 amittere
820 3050 904 3115 creui,

221 3137 311 3202 Qum
329 3135 378 3188 tibi
396 3136 483 3189 fallaci
501 3153 627 3204 supremo
646 3138 673 3188 in
691 3142 817 3202 tempore
836 3134 968 3188 deessem.

221 3219 277 3272 Pro
295 3234 350 3284 quo
368 3219 538 3271 dilaceranda
554 3219 619 3271 feris
638 3219 723 3272 dabor
741 3217 902 3285 alitibusque

221 3300 334 3365 Praeda,
353 3317 442 3368 neque
461 3301 560 3354 iniacta
576 3302 733 3354 tumulabor
751 3306 860 3353 mortua
877 3306 961 3354 terra.

222 3384 366 3451 Quaenam
384 3391 413 3436 te
431 3383 525 3449 genuit
543 3385 599 3437 sola
616 3384 666 3436 sub
685 3399 752 3451 rupe
771 3383 874 3450 leaena,
