2608 3964
186 355 228 437 48
486 370 638 420 curvam
659 371 768 422 canu.
785 373 827 422 os.

258 516 306 571 Tu
324 533 399 582 uero,
419 517 519 584 regina,
537 525 617 572 tuens
635 535 698 572 cum
716 520 804 576 sidera
822 519 911 574 diuam

293 601 416 654 Placabis
434 600 508 653 festis
525 602 668 655 luminibus
687 603 832 669 Venerem,
1096 620 1134 669 90

257 684 398 749 Sanguinis
416 691 557 752 expertem
576 701 631 737 non
650 686 757 739 iusseris
775 702 834 738 esse
851 693 926 739 tuam
946 701 999 752 me,

293 767 346 820 Sed
364 768 455 836 potius
472 768 550 834 largis
568 768 644 822 affice
662 768 828 823 muneribus.

258 850 351 903 Sidera
368 858 530 908 corruerent
548 851 661 918 utinam,
679 868 760 905 corna
778 853 851 919 regia
869 851 940 917 fiam,

292 934 435 986 Proximus
454 934 615 1002 Hydrochoi
633 935 751 1001 fulgeret
769 937 890 990 Oarion!

591 1291 728 1344 LXVIII.

259 1474 348 1542 (Ποῖ)
366 1471 431 1525 mrlri
450 1470 561 1524 fortuna
578 1487 696 1541 casuque
715 1488 858 1540 oppressus
875 1471 975 1525 acerbo

296 1556 487 1622 Conscriptum
505 1555 557 1607 hoc
575 1555 692 1607 lacrimis
710 1555 795 1607 mittIs
812 1556 975 1622 epIstolium‚

258 1637 427 1704 Naufragum
445 1643 476 1688 ut
494 1637 612 1689 eiectum
631 1636 817 1702 spumantibus
834 1638 959 1706 aequoris
977 1636 1057 1689 undis

294 1719 439 1772 Subleuem
458 1725 487 1771 et
505 1736 520 1771 a
538 1720 634 1771 mortIs
652 1720 745 1771 limine
764 1719 914 1785 restituam,

259 1804 351 1872 Quem
368 1817 458 1868 neque
476 1809 570 1854 sancta
588 1802 680 1854 Venus
697 1802 772 1854 molli
790 1803 961 1870 requiescere
979 1819 1076 1856 somno
1119 1819 1133 1868 5

293 1887 443 1938 Desertum
460 1885 488 1936 in
506 1885 578 1937 lecto
594 1885 698 1938 caelibe
716 1886 876 1952 perpetitur,

258 1967 319 2022 Nec
337 1973 464 2020 ueterum
482 1967 554 2020 dulci
571 1969 736 2034 scriptorum
754 1969 875 2020 carmine
895 1967 992 2020 Musae

293 2051 449 2114 Oblectant,
468 2065 531 2102 curn
549 2066 627 2102 mens
645 2050 724 2103 anxia
741 2051 892 2118 peruigilat,

259 2133 291 2186 Id
310 2139 416 2199 gratum
435 2139 477 2184 est
495 2133 570 2198 mihi,
589 2149 633 2186 me
652 2135 780 2203 quoniam
797 2133 848 2186 tibi
866 2134 933 2187 dicis
951 2133 1077 2200 amicum,

293 2216 465 2283 Muneraque
483 2222 511 2268 et
531 2216 672 2268 Musarum
691 2217 753 2268 hinc
771 2217 841 2283 petis
860 2223 889 2268 et
906 2216 1037 2270 Veneris:
1102 2235 1134 2269 10

258 2300 312 2354 Sed
330 2299 379 2351 tibi
399 2315 434 2350 ne
453 2315 514 2351 mea
532 2300 586 2351 sint
604 2300 697 2364 ignota
716 2299 896 2364 incommoda,
916 2299 1001 2364 Malli,

293 2381 356 2434 Neu
374 2397 418 2432 me
436 2380 525 2433 odisse
543 2386 622 2448 putes
639 2381 752 2448 hospitis
770 2381 897 2446 officium,

259 2465 369 2531 Accipe,
388 2464 447 2530 quis
465 2479 569 2516 merser
586 2462 712 2517 fortunae
730 2464 856 2516 fluctibus
875 2466 940 2532 lpse,
979 2529 981 2533 v

293 2546 337 2598 Ne
355 2546 468 2612 amplius
486 2562 502 2598 a
520 2547 620 2599 misero
638 2546 710 2599 dona
727 2542 806 2599 beata
824 2552 910 2613 petas.
1012 2537 1015 2542 ³

259 2628 400 2696 Tempore
419 2645 474 2696 quo
492 2629 610 2696 primum
629 2630 711 2682 uestis
729 2629 795 2680 mihi
813 2629 915 2682 tradita
933 2645 1000 2696 pura
1018 2635 1068 2695 est,
1103 2647 1132 2695 15

295 2712 447 2764 Iucundum
466 2728 528 2764 cum
547 2719 621 2765 aetas
639 2713 734 2765 florida
751 2729 801 2765 uer
818 2719 919 2779 ageret,

259 2795 349 2848 Multa
366 2795 430 2846 satis
448 2795 513 2848 lusi:
539 2811 594 2847 non
612 2802 655 2848 est
673 2796 724 2848 dea
742 2796 832 2848 nescia
849 2795 943 2860 nostri,

295 2879 373 2945 Qae
392 2877 499 2930 dulcem
518 2878 589 2930 curis
607 2879 702 2930 miscet
721 2879 889 2932 amaritiem:

259 2961 313 3013 Sed
330 2966 420 3012 totum
438 2961 491 3013 hoc
509 2961 628 3014 studium
645 2960 721 3012 luctu
739 2960 858 3013 fraterna
875 2960 941 3012 mihi
960 2977 1033 3013 mors

293 3043 420 3096 Abstulit.
458 3045 482 3094 O
501 3044 600 3096 misero
618 3035 705 3096 frater
721 3045 847 3110 adempte
866 3043 940 3107 mihi,
1100 3060 1133 3096 ro

260 3127 307 3178 Tu
325 3142 386 3178 mea
404 3133 435 3178 tu
453 3128 571 3180 moriens
589 3126 692 3192 fregisti
710 3127 862 3190 commoda,
880 3125 974 3192 frater,

295 3209 404 3261 Tecum
422 3226 475 3262 una
492 3215 553 3262 tota
570 3216 612 3262 est
629 3214 721 3261 nostra
738 3210 843 3276 sepulta
861 3209 965 3276 domus,

261 3292 360 3345 Omnia
378 3297 470 3343 tecum
488 3309 543 3344 una
560 3292 700 3360 perierunt
718 3291 813 3357 gaudia
831 3296 934 3360 nostra,

295 3375 374 3442 Quae
393 3380 456 3426 tuus
474 3375 501 3426 in
519 3375 576 3427 uita
594 3375 678 3427 dulcis
696 3374 786 3428 alebat
804 3389 890 3428 amor.
