2608 3964
491 391 649 446 erranti
663 388 772 446 CARM.
788 386 829 445 οε.

190 546 199 566 ”
260 547 338 613 Qae
356 547 436 596 ueter
453 541 481 596 id
499 548 594 597 nostro
611 543 697 596 letum
714 541 865 596 miserabile
882 541 959 595 fratri

294 626 403 680 Attulit.
439 625 495 679 Hei
513 627 612 680 misero
629 625 716 680 frater
732 625 859 693 adempte
877 625 951 690 mihi,

260 709 317 764 Hei
334 710 434 762 misero
452 707 530 762 fratri
548 708 697 763 iucundum
715 709 808 761 lumen
825 707 991 776 ademptum,
1084 724 1116 772 95

294 793 402 845 Tecum
420 807 474 844 una
491 797 551 846 tota
568 797 610 845 est
627 797 720 844 nostra
738 790 842 858 sepulta
859 790 965 858 domus,

259 875 358 928 Omnia
373 881 468 928 tecum
484 891 539 928 una
555 874 695 943 perierunt
713 873 810 940 gaudia
827 881 928 940 nostra,
1065 870 1095 942 (9
1099 871 1129 940 5)

294 959 372 1026 Qae
389 963 453 1010 tuus
470 957 499 1010 in
517 957 574 1011 uita
590 957 676 1010 dulcis
694 957 783 1010 alebat
799 973 885 1012 amor.

260 1041 350 1110 Qrern
367 1055 440 1093 nunc
457 1046 515 1093 tam
532 1040 612 1107 longe
630 1056 686 1093 non
703 1039 776 1092 inter
793 1044 860 1092 nota
876 1039 999 1106 sepulcra

293 1121 353 1175 Nec
369 1137 455 1191 prope
473 1129 603 1188 cognatos
621 1122 802 1190 compositum
820 1121 925 1187 cineris,
1070 1137 1119 1172 100

260 1205 313 1258 Sed
331 1203 418 1258 Troia
435 1203 560 1272 obscena,
579 1203 666 1257 Troia
683 1205 790 1256 infelice
807 1205 942 1273 sepultum
1021 1231 1026 1238 1

295 1287 409 1340 Detinet
427 1292 551 1340 extremo
568 1293 643 1340 terra
660 1287 746 1340 aliena
763 1287 831 1341 solo.
1047 1281 1130 1354 (100)

259 1371 302 1424 Ad
320 1385 401 1438 quam
418 1375 478 1422 tum
496 1385 644 1438 properans
661 1369 750 1422 fertur
766 1369 845 1422 simul
862 1370 982 1438 undique
999 1367 1084 1437 pubes

293 1454 399 1506 Graeca
416 1453 562 1520 penetralis
580 1453 728 1506 deseruisse
745 1451 830 1520 focos,

258 1534 302 1588 Ne
320 1536 396 1588 Paris
413 1535 530 1588 abducta
548 1536 653 1601 gauisus
671 1535 755 1587 libera
772 1535 887 1588 moecha
1069 1551 1116 1598 105

294 1618 358 1670 Otia
375 1623 473 1685 pacato
491 1618 603 1684 degeret
621 1618 649 1670 in
666 1618 794 1670 thalamo.

259 1701 323 1768 Quo
339 1701 389 1752 tibi
407 1705 467 1752 tum
485 1717 557 1767 casu,
575 1700 757 1768 pulcherrima
776 1699 932 1766 Laudamia,
1048 1697 1130 1769 (105)

293 1784 428 1850 Ereptum
446 1789 488 1836 est
504 1784 562 1836 uita
579 1783 683 1836 dulcius
700 1788 783 1853 atque
801 1784 890 1836 anima

260 1867 439 1932 Coniugium:
463 1871 542 1919 tanto
559 1871 589 1918 te
606 1865 753 1918 absorbens
771 1867 876 1919 uertice
894 1865 992 1918 amoris

292 1950 390 2002 Aestus
407 1949 436 2000 in
454 1948 599 2016 abruptum
616 1949 753 2002 detulerat
770 1949 937 2015 barathrum,
1069 1963 1118 1998 110

260 2035 347 2106 Qale
365 2034 458 2087 ferunt
477 2035 542 2087 Grai
561 2035 701 2088 Pheneum
719 2051 805 2103 prope
822 2035 982 2104 Cylleneum

295 2117 394 2170 Siccari
412 2117 514 2170 emulsa
530 2117 629 2185 pingue
645 2118 743 2185 palude
761 2118 856 2185 solum,
1048 2113 1128 2186 (110)

260 2199 343 2271 Qrod
360 2200 498 2268 quondam
515 2201 599 2252 caesis
616 2201 716 2253 montis
734 2200 833 2254 fodisse
850 2200 973 2254 medullis

292 2282 377 2334 Audit
395 2281 550 2350 falsiparens
568 2283 831 2352 Amphitryoniades,

259 2363 399 2431 Tempore
416 2379 472 2432 quo
490 2371 566 2418 certa
585 2367 749 2435 Stymphalia
766 2372 887 2420 monstra
904 2365 1001 2432 sagitta
1064 2381 1116 2428 ‘¹15

293 2447 413 2499 Perculit
430 2447 544 2515 imperio
563 2447 704 2501 deterioris
722 2448 789 2515 heri,

259 2529 385 2582 Pluribus
402 2533 434 2581 ut
451 2529 518 2582 caeli
536 2535 682 2606 tereretur⁹
690 2532 770 2584 ianua
786 2530 864 2598 diuis,
1048 2525 1128 2598 (115)

293 2611 375 2664 Hebe
393 2627 444 2664 nec
462 2613 542 2678 longa
560 2613 715 2678 uirginitate
733 2612 813 2666 foret.

259 2694 313 2746 Sed
330 2699 393 2746 tuus
410 2694 479 2747 altus
496 2709 574 2747 amor
590 2694 719 2748 barathro
735 2695 788 2748 fuit
804 2696 884 2748 altior
901 2696 955 2760 illo,
994 2717 995 2720 ¹

293 2777 350 2847 Qri
369 2776 510 2829 dominum
527 2777 663 2830 domitum
681 2778 755 2831 ferre
772 2780 864 2845 iugum
882 2777 983 2830 docuit.
1068 2793 1117 2829 120

259 2858 331 2912 Nam
349 2876 439 2929 neque
458 2865 515 2912 tam
533 2875 626 2913 carum
644 2860 773 2914 confecto
791 2866 881 2914 aetate
898 2861 1003 2929 parenti

293 2942 353 2994 Vna
371 2949 452 3010 caput
469 2943 523 2995 seri
541 2949 605 2996 nata
623 2944 730 3012 nepotis
747 2945 803 3010 alit,
1046 2941 1128 3015 (120)

260 3025 324 3092 Qri,
342 3041 406 3077 cum
423 3024 523 3077 diuitiis
541 3026 587 3078 uix
604 3028 715 3079 tandem
734 3027 860 3080 inuentus
877 3027 957 3080 auitls

294 3106 403 3160 Nomen
420 3113 532 3162 testatas
549 3109 638 3161 intulit
656 3110 684 3162 in
701 3109 813 3177 tabulas,

261 3187 347 3258 lr'npia
365 3190 445 3244 derisi
463 3191 568 3258 gentilis
585 3190 681 3258 gaudia
697 3192 803 3258 tollens,
1066 3208 1115 3257 125

294 3273 409 3327 suscitat
426 3290 443 3328 a
459 3289 528 3330 cano
544 3275 691 3328 uolturium
709 3274 807 3343 capiti:
845 3305 848 3309 -
871 3321 873 3325 .

623 3393 625 3398 ·
651 3369 697 3410 EA
