2608 3964
192 410 232 478 52
492 408 644 462 carran!
664 409 772 462 enan.
789 411 831 462 ns.

260 556 320 610 Nec
337 559 444 613 tautum
461 559 543 616 niueo
561 560 652 628 ganisa
670 565 712 616 est
729 561 783 616 ulla
799 559 927 615 columbo
1048 560 1133 633 (ης)

296 640 423 710 Compar,
441 657 511 711 quae
528 643 616 698 multo
634 643 733 697 dicitur
750 643 897 712 improbius

262 723 361 776 Oscula
378 725 515 780 mordenti
533 741 642 795 semper
658 726 807 794 decerpere
825 732 931 793 rostro;

297 807 461 877 Quanquam
477 808 621 877 praecipue
639 809 781 864 multiuola
798 811 839 862 'cst
856 807 962 863 mulier.
1069 826 1119 874 ¹30

262 888 315 942 Sed
333 895 365 941 tu
382 888 480 943 horum
498 906 610 958 magnos
627 892 716 946 uicisti
734 891 791 946 sola
807 890 923 958 furores,

296 971 333 1023 Vt
351 973 434 1025 semel
452 987 482 1026 es
499 973 570 1029 flauo
588 975 731 1028 conciliata
748 975 815 1028 uiro.
1047 973 1131 1044 (130)

261 1055 317 1106 Aut
334 1053 400 1107 nihil
418 1061 464 1108 aut
481 1055 562 1124 paulo
580 1056 623 1110 cui
641 1061 700 1110 tum
718 1057 870 1111 concedere
887 1056 976 1124 digna,

296 1137 358 1189 Lux
375 1153 437 1191 mea
453 1153 483 1190 se
501 1144 624 1192 nostrum
642 1139 757 1192 contulit
775 1141 803 1193 in
820 1140 960 1206 gremium,

261 1221 352 1291 Qum
370 1220 582 1274 circumcursans
599 1222 662 1275 hinc
680 1221 752 1276 illinc
769 1238 849 1290 saepe
868 1222 974 1292 Cupido
1070 1239 1118 1289 135

297 1303 429 1370 Fulgebat
446 1303 557 1357 crocina
574 1303 702 1358 candidus
720 1304 750 1357 in.
766 1305 868 1358 tunica.

261 1387 339 1457 Quae
357 1391 449 1440 tamen
468 1387 519 1439 etsi
537 1402 592 1439 uno
610 1402 665 1439 nou
683 1392 725 1440 est
742 1391 871 1440 contenta
890 1387 1005 1454 Catullo,
1049 1384 1131 1456 (135)

297 1468 368 1521 Rara
385 1469 556 1522 uerecundae
573 1467 645 1523 furna
662 1468 780 1522 feremus
795 1468 885 1536 herae,

259 1549 303 1602 Ne
321 1550 433 1604 nimium
450 1551 533 1604 simus
550 1551 694 1604 stultorum
711 1565 789 1604 more
812 1551 929 1605 molesti.

295 1634 380 1701 Saepe
398 1633 481 1686 etiarn
500 1632 578 1699 luno,
596 1633 713 1687 maxima
731 1633 897 1700 caelicolum,
1070 1651 1120 1700 ¹40

261 1715 389 1782 Coniugis
407 1715 435 1768 in
452 1715 531 1782 culpa
547 1715 705 1782 flagrantem
722 1716 848 1770 contudit
865 1717 941 1784 iram,

296 1797 418 1851 Noscens
436 1798 566 1851 omniuoli
584 1797 700 1865 plurima
717 1797 790 1852 furta
808 1799 890 1853 louis.
1047 1796 1131 1870 (140)

262 1880 307 1947 At,
326 1881 389 1948 quia
407 1895 458 1932 nec
476 1880 545 1933 diuis
563 1879 686 1934 homines
702 1882 861 1950 componier
877 1897 994 1951 aequum
1013 1887 1063 1949 est,

296 3453 436 3522 Ingratum
453 3454 562 3507 uemuli
579 3455 645 3509 tolle
662 3413 875 3524 parentisonus.
