2608 3964
203 321 242 384 18

415 333 568 382 earnm
588 335 697 384 canu.
716 349 755 400 5²,
771 347 813 400 sa,
828 337 870 401 so,
886 338 926 388 ω.

340 482 444 547 Otium,
463 482 577 548 Catulle,
595 483 646 535 tibi
664 484 808 536 molestum
827 492 885 540 est:

339 566 405 617 Otio
423 566 527 618 exultas
544 566 712 635 nimiumque
730 569 819 633 gestis.

341 648 436 701 Otium
452 655 483 701 et
499 665 577 715 reges
593 651 667 717 prius
685 657 714 703 et
731 651 825 704 beatas

443 732 567 785 Perdidit
583 733 674 786 urbes.

639 979 703 1032 LII.

339 1115 421 1184 Qu>
439 1119 489 1180 est,
508 1113 633 1166 Catulle?
657 1115 723 1181 quid
740 1117 854 1167 moraris
872 1117 977 1171 emori?

340 1199 410 1251 Sella
429 1199 457 1249 in
475 1197 561 1249 curuli
581 1199 688 1249 Struma
706 1197 811 1251 Nonius
828 1199 914 1265 sedet,

340 1281 394 1334 Per
412 1281 580 1333 consulatum
597 1282 715 1347 perierat
732 1281 871 1335 Vatinius:

340 1365 415 1433 Qud
433 1371 483 1431 est,
502 1363 627 1418 Catulle?
651 1363 717 1431 quid
735 1364 849 1417 moraris
866 1366 971 1418 emori?

628 1613 708 1666 Llll.

339 1751 405 1803 R1S1
424 1748 615 1815 nescioquem
634 1747 717 1799 modo
734 1763 750 1798 e
769 1762 877 1812 corona,

339 1833 403 1902 Qu,
422 1847 486 1884 cum
504 1831 616 1883 mirifice
634 1830 777 1882 Vatiniana

339 1917 420 1969 Meus
438 1916 551 1968 crimina
570 1914 668 1966 Caluos
686 1913 852 1980 explicasset,

340 1999 484 2052 Admirans
503 1999 540 2060 ait
558 1997 626 2050 haec
643 2013 792 2064 manusque
810 1995 915 2062 tollens,

337 2083 402 2134 ‘Dii
420 2082 517 2148 magni,
535 2081 694 2148 salaputium
713 2079 876 2132 disertumi'

636 2314 700 2367 LX.

265 2493 269 2506 .
337 2450 408 2504 Nvu
426 2456 455 2502 te
473 2450 566 2502 leaena
583 2450 722 2502 montibus
741 2449 887 2518 Libystinis

337 2538 393 2587 Aut
412 2533 498 2602 Scylla
515 2534 615 2586 latrans
633 2534 724 2586 infima
742 2533 881 2599 inguinum
899 2539 976 2599 parte
1061 2543 1064 2552 '

339 2617 412 2669 Tam
431 2625 523 2671 mente
543 2617 610 2669 dura
627 2617 782 2684 procreauit
800 2633 831 2668 ac
849 2623 929 2681 tetra,

336 2699 375 2751 Vt
391 2701 515 2768 supplicis
532 2716 631 2753 uocem
649 2700 676 2751 in
695 2700 841 2752 nouissimo
859 2714 922 2750 casu

339 2783 531 2851 Contemptam
549 2783 670 2849 haberes,
688 2799 705 2835 a
722 2782 801 2835 nimis
818 2781 879 2834 iero
896 2783 1000 2841 cordei

629 3013 709 3067 LXI.

442 3147 549 3200 conus
567 3163 585 3199 o
601 3146 755 3200 Heliconiei

478 3230 581 3296 Cultor,
600 3232 714 3284 Vraniae
732 3247 823 3298 genus,

477 3313 532 3384 Qi
550 3315 620 3382 rapis
637 3320 759 3368 teneram
778 3315 812 3367 ad
830 3315 918 3367 uimm

1125 2802 1140 2850 5
