2608 3964
495 374 647 424 emunt
668 374 775 424 canu.
792 385 833 438 45·

297 523 376 589 Nam,
397 523 532 590 Sestianus
550 523 615 576 dum
633 523 697 576 uolo
715 539 773 576 esse
792 522 917 590 conuiua,

297 606 457 660 Orationem
475 607 503 658 in
522 608 635 660 Antium
653 607 801 674 petitorem

297 690 410 743 Plenam
428 690 527 742 ueneni
546 696 575 742 et
593 689 763 757 pestilentiae
780 688 842 755 legi.

297 773 353 826 Hic
372 788 417 825 me
434 772 547 838 grauido
564 772 663 839 frigida
681 777 710 824 et
728 771 856 839 frequens
874 770 953 824 tussis

296 855 442 927 Qassauit
459 871 544 923 usque
562 856 628 908 dum
646 855 673 907 in
691 860 769 907 tuum
787 854 875 906 sinum
893 852 958 920 fugi,

297 937 335 991 Et
353 952 397 989 me
415 938 540 989 recuraui
558 937 670 1006 otioque
689 942 717 990 et
734 937 831 989 urtica.

298 1021 390 1088 Quare
409 1018 528 1071 relectus
546 1020 676 1072 maximas
693 1018 743 1071 tibi
761 1024 851 1085 grates

296 1105 363 1168 Ago,
382 1117 474 1154 meum
492 1101 566 1170 quod
585 1118 639 1155 non
659 1118 688 1154 es
705 1102 762 1154 ulta
779 1107 932 1169 peccatum.

296 1183 356 1237 Nec
375 1185 509 1251 deprecor
527 1184 589 1251 iam,
607 1185 629 1237 si
648 1183 751 1236 nefaria
769 1185 870 1252 scripta

298 1268 366 1319 Sesti
384 1283 506 1334 recepso,
525 1268 590 1335 quin
608 1267 783 1333 grauedinem
801 1274 830 1319 et
847 1267 942 1319 tussim

297 1348 360 1401 Non
378 1350 452 1416 mihi,
471 1349 521 1402 sed
538 1349 587 1418 ipsi
606 1350 695 1402 Sestio
712 1349 783 1402 ferat
800 1349 893 1416 frigus,

296 1433 349 1500 Qu
369 1439 435 1486 tunc
453 1439 535 1486 uocat
553 1448 606 1500 me,
625 1448 689 1485 cum
707 1427 807 1485 malum
824 1431 922 1485 librum
941 1430 1001 1498 legi.

615 1636 703 1691 XLV.

368 1782 476 1833 ACMEN
495 1781 639 1848 Septimios
657 1797 720 1835 suos
737 1795 864 1834 amores·

365 1862 478 1917 Tenens
497 1865 524 1915 in
542 1865 646 1931 gremio
666 1866 755 1918 ‘mea’
773 1865 862 1933 inquit
880 1867 989 1935 ‘Acme

363 1945 447 1999 Nile
466 1946 572 2014 perdite
591 1964 652 2000 amo
670 1955 753 2016 atque
771 1964 862 2002 amare
880 1964 964 2017 porro
1050 1941 1052 1948 ’

365 2029 468 2082 Omnes
485 2045 545 2083 sum
563 2031 667 2083 assidue
685 2037 793 2098 paratus
811 2046 897 2084 annos

365 2113 506 2180 Quantum
526 2113 572 2182 qui
590 2119 655 2182 pote
674 2113 819 2180 plurimum
837 2114 936 2182 perire,

365 2195 442 2248 Solus
460 2196 488 2247 in
506 2195 584 2248 Libia
604 2196 735 2264 Indiaque
753 2202 825 2249 tosta

364 2278 461 2331 Caesio
478 2279 586 2331 ueniam
605 2278 700 2331 obuius
718 2279 807 2332 leoni!

364 2359 429 2413 Hoc
446 2366 478 2413 ut
496 2361 572 2427 dixit,
592 2364 679 2415 Amor
695 2362 801 2415 sinistra
818 2368 850 2415 ut
867 2369 940 2432 ante,

364 2442 500 2496 Dextram
518 2445 636 2497 sternuit
654 2443 885 2512 approbationem.

364 2527 402 2578 At
420 2527 506 2578 Acme
524 2527 622 2580 leuiter
640 2533 722 2594 caput
739 2527 889 2595 reflectens,

363 2608 401 2662 Et
419 2609 503 2662 dulcis
519 2610 596 2678 pueri
614 2610 704 2663 ebrios
721 2610 821 2662 ocellos

364 2689 415 2744 1110
432 2707 569 2759 purpureo
586 2708 635 2745 ore
653 2694 762 2758 sauiata,

364 2774 441 2839 ‘Sic,’
459 2774 547 2843 inquit
565 2775 641 2827 ‘mea
658 2774 715 2827 uita
734 2774 891 2842 Septimille,

363 2853 437 2908 Huic
454 2856 501 2909 uni
519 2855 630 2909 domino
648 2872 732 2925 usque
750 2858 906 2925 seruiamus,

361 2935 399 2989 Vt
416 2937 502 2990 multo
520 2938 585 2990 mihi
602 2939 689 2992 maior
707 2939 849 3005 acriorque

364 3019 436 3086 Ignis
455 3021 580 3073 mollibus
598 3022 676 3074 ardet
694 3021 721 3073 in
743 3020 883 3074 medullis.’

363 3101 428 3155 Hoc
445 3109 476 3155 ut
494 3103 571 3168 dixit,
589 3105 675 3156 Amor
692 3103 797 3155 sinistra
814 3109 846 3155 ut
862 3110 935 3174 ante,
1017 3111 1023 3120 “

363 3184 499 3239 Dextram
516 3187 632 3239 sternuit
651 3186 881 3254 approbationem.

363 3265 444 3320 Nunc
462 3270 495 3321 ab
514 3269 631 3336 auspicio
648 3269 722 3321 bono
739 3267 855 3336 profecti

363 3349 468 3404 Mutuis
484 3352 580 3405 animis
597 3358 689 3405 amant
707 3358 839 3406 amantur.
