2608 3964
461 388 613 439 CATVLLI
634 389 742 442 onRM.
762 404 799 455 14,
818 404 858 453 17·
1113 389 1130 459 7

330 537 402 591 Nam
420 543 588 604 unguentum
606 537 685 604 dabo,
703 537 778 607 quod
796 553 873 591 meae
890 536 995 606 puellae

331 621 477 679 Donarunt
495 620 616 673 Veneres
634 620 843 689 Cupidinesque,

331 703 414 772 Quod
431 708 463 755 tu
480 718 543 756 cum
560 702 678 770 olfacies,
697 703 762 756 deos
779 703 893 771 rogabis,

331 785 437 840 Totum
455 792 486 838 ut
504 791 532 839 te
550 786 659 853 saciant,
680 787 799 854 Fabulle,
817 804 920 841 nasum.

622 1007 701 1061 XIV.

329 1126 388 1182 Nat
406 1132 435 1180 te
453 1127 512 1195 plus
529 1127 614 1180 oculis
631 1127 699 1180 meis
717 1142 844 1201 amarem,

330 1210 525 1264 Iucundissime
545 1209 637 1275 Calue,
656 1225 769 1263 munere
787 1210 840 1264 isto

331 1293 454 1346 Odissem
471 1298 500 1345 te
518 1293 583 1345 odio
601 1292 760 1346 Vatiniano:

328 1375 400 1429 Nam
418 1376 484 1446 quid
500 1374 553 1428 feci
571 1392 622 1443 ego
641 1376 741 1444 quidue
759 1391 819 1428 sum
837 1376 950 1442 locutus,

329 1459 387 1511 Cur
404 1474 449 1511 me
467 1464 511 1510 tot
528 1459 598 1511 male
616 1457 744 1526 perderes
761 1459 867 1527 poetis?

331 1541 379 1594 Isti
397 1540 434 1593 dii
452 1541 522 1593 mala
539 1541 625 1594 multa
642 1541 708 1594 dent
726 1541 827 1607 clienti,

328 1624 384 1692 Qi
402 1629 510 1676 tantum
528 1624 578 1676 tibi
597 1623 670 1676 misit
687 1625 840 1692 impiorum.

326 1707 410 1776 Qrod
428 1707 458 1772 si,
476 1712 508 1759 ut
526 1707 655 1774 suspicor,
673 1707 726 1760 hoc
744 1722 847 1760 nouum
865 1723 897 1759 ac
916 1714 1054 1776 repertum

327 1789 430 1842 Munus
447 1789 495 1842 dat
512 1789 561 1842 tibi
580 1789 651 1842 Sulla
669 1789 812 1856 litterator,

325 1871 389 1925 Non
407 1877 449 1925 est
467 1874 504 1924 mi
522 1873 600 1939 male,
619 1873 667 1925 sed
685 1873 756 1926 bene
774 1887 806 1925 ac
824 1872 911 1938 beate,
1095 1890 1128 1926 ro

326 1955 410 2024 Q10d
427 1971 482 2008 non
500 1956 658 2024 dispereunt
676 1956 715 2008 tui
734 1955 848 2010 labores.

325 2039 372 2091 Dii
390 2038 488 2105 magni,
506 2038 664 2092 horribilem
682 2044 712 2091 et
729 2054 835 2091 sacrum
853 2037 986 2091 libellum!

279 2117 284 2126 '
326 2122 417 2190 Qem
434 2126 465 2173 tu
483 2121 585 2174 scilicet
603 2120 637 2174 ad
654 2126 732 2173 tuum
752 2122 888 2174 Catullum

324 2202 410 2270 Misti,
428 2203 559 2256 continuo
576 2210 607 2256 ut
625 2203 670 2256 die
687 2203 797 2271 periret,

323 2285 637 2356 Satumalibus,'optimo
655 2285 775 2338 dierum!

322 2367 385 2421 Non
404 2384 460 2420 non
477 2369 530 2420 hoc
548 2367 605 2432 tibi,
618 2369 700 2444 salse,
718 2368 757 2421 sic
775 2367 876 2423 abibit:

321 2449 401 2516 Nam,
420 2450 442 2502 si
459 2450 568 2516 luxerit,
585 2449 619 2502 ad
637 2450 809 2503 librariorum

322 2533 438 2586 Curram
456 2533 561 2599 scrinia,
581 2533 697 2599 Caesios,
717 2534 848 2602 Aquinos,

322 2615 460 2668 Suffenum
479 2615 570 2669 omnia
587 2616 711 2683 colligam
729 2632 843 2682 uenena,

319 2701 361 2752 Ac
379 2704 408 2750 te
426 2697 467 2750 his
484 2698 620 2765 suppliciis
638 2697 842 2752 remunerabor.

318 2779 375 2833 Vos
392 2779 455 2833 hinc
473 2780 577 2833 interea
594 2781 683 2833 ualere
701 2782 773 2834 abite

321 2863 396 2930 illuc,
415 2863 487 2916 unde
506 2864 606 2916 malum
624 2863 723 2932 pedem
742 2863 876 2930 attulistis,
943 2924 951 2944 v

321 2948 406 3000 Saecli
423 2946 604 3013 incommoda,
622 2947 729 3015 pessimi
747 2952 853 3014 poetae.

603 3164 697 3218 XVII.

286 3292 311 3344 Ο
330 3290 559 3356 COLON1n,quae
578 3287 654 3355 cupis
671 3292 754 3355 ponte
773 3287 866 3340 ludere
884 3284 974 3354 longo,

285 3374 322 3426 Et
339 3373 416 3426 salire
434 3376 558 3440 paratum
575 3371 667 3438 habes,
684 3370 733 3423 sed
750 3370 854 3424 uereris
871 3370 962 3437 inepta
