2608 3964
500 364 541 414 cA
549 365 651 413 TVLLI
672 363 781 412 CARM·
799 361 839 414 66.

267 517 390 584 Vnigena
408 514 547 582 impellens
566 513 725 566 nutantibus
743 527 807 564 aera
824 510 920 578 pennis

304 599 411 651 Obtulit
429 598 558 650 Arsinoes
576 596 709 648 Locridos
728 595 782 647 ales
800 610 893 660 equos,

269 681 349 750 Isque
367 697 417 748 per
435 680 569 732 aetherias
586 695 631 732 me
649 679 748 730 tollens
766 677 875 729 abuolat
893 676 1003 729 umbras
1109 692 1140 740 55

304 765 340 816 Et
358 763 471 816 Veneris
490 769 565 814 casto
583 762 701 814 collocat
719 761 746 812 in
764 759 878 826 gremio.
1131 763 1135 770 '

270 847 330 914 lpsa
348 862 426 898 suum
447 846 601 914 Zephyritis
620 861 654 896 eo
672 843 803 896 famulum
822 843 931 908 legarat,

304 929 386 981 Graia
405 929 547 995 Canopieis
566 927 654 979 incola
671 926 804 978 litoribus.

270 1013 325 1064 Hic
345 1011 436 1063 iuueni
457 1011 571 1062 Ismario
589 1026 624 1062 ne
642 1009 728 1061 solum
747 1009 775 1060 in
793 1008 885 1060 limine
904 1007 970 1060 caeli

305 1095 347 1146 Ex
364 1093 507 1146 Ariadneis
526 1109 607 1146 aurea
627 1092 795 1160 temporibus
1109 1094 1142 1141 60

271 1177 337 1230 Fixa
356 1193 457 1230 corona
475 1175 556 1241 foret,
575 1176 624 1227 sed
643 1192 693 1227 nos
712 1190 822 1242 quoque
840 1173 1005 1240 fulgeremus

305 1261 431 1312 Deuotae
449 1259 512 1310 flaui
530 1259 641 1310 uerticis
660 1258 782 1323 exuuiae,

269 1342 417 1395 Vuidulum
435 1358 451 1394 a
469 1341 554 1393 fluctu
572 1341 716 1392 cedentem
736 1341 769 1392 ad
787 1339 889 1406 templa
907 1340 988 1391 deum
1007 1355 1052 1392 me

306 1426 383 1477 Sidus
403 1425 430 1476 in
449 1425 567 1491 antiquis
586 1423 649 1498 diua
666 1439 769 1475 nouum
787 1423 893 1490 posuit:

270 1507 386 1572 Virginis
405 1511 433 1558 et
452 1499 526 1558 saeui
546 1506 708 1570 contingens
725 1517 843 1573 namque
862 1505 946 1558 leonis

305 1590 429 1654 Lumina,
449 1583 560 1641 Callisto
579 1589 654 1640 iuxta
673 1587 848 1656 Lycaoniam,

270 1673 371 1725 Vertor
389 1673 416 1723 in
435 1687 571 1737 occasum,
589 1671 699 1723 tardum
718 1671 772 1722 dux
791 1677 855 1723 ante
874 1669 990 1737 Booten,

306 1755 360 1824 Qui
380 1757 425 1806 uix
443 1771 505 1806 sero
523 1755 578 1806 alto
596 1755 729 1818 mergitur
748 1755 868 1806 Oceano.

272 1838 324 1890 Sed
342 1854 498 1905 quanquam
516 1852 561 1889 me
581 1843 663 1889 nocte
681 1843 810 1904 premunt
829 1837 943 1902 uestigia
960 1836 1062 1902 diuum,

306 1921 367 1973 Lux
386 1928 477 1972 autern
495 1936 579 1972 canae
598 1919 701 1987 Tethyi
720 1920 849 1986 restituit,
1108 1931 1142 1982 70

271 2003 357 2071 (Pace
375 2010 423 2056 tua
441 2003 492 2054 sari
510 2003 554 2054 hic
573 2003 663 2069 liceat,
683 2002 831 2054 Ramnusia
848 2002 933 2068 uirgo,

306 2087 431 2155 Namque
450 2102 501 2152 ego
520 2102 575 2137 non
594 2086 648 2137 ullo
667 2101 734 2137 uera
751 2087 850 2137 timore
868 2092 967 2154 tegam,

274 2167 333 2221 Nec
352 2169 374 2220 si
392 2185 436 2220 me
456 2167 560 2220 infestis
579 2168 733 2234 discerpent
751 2168 839 2219 sidera
858 2168 945 2230 dictis,

307 2252 426 2304 Condita
444 2251 508 2318 quin
527 2252 586 2303 ueri
605 2251 723 2318 pectoris
741 2248 897 2320 euoluam):

272 2333 334 2387 Non
352 2335 393 2386 his
411 2341 468 2386 tam
487 2335 574 2386 laetor
592 2333 681 2399 rebus,
701 2349 782 2400 quam
801 2350 845 2386 me
864 2333 939 2386 afore
956 2341 1072 2402 semper,
1109 2349 1141 2398 75

307 2417 391 2470 Afore
410 2433 454 2468 me
473 2433 489 2469 a
507 2416 634 2469 dominae
652 2417 756 2469 uertice
775 2416 932 2481 discrucior,

273 2500 391 2568 Qicum
410 2515 469 2565 eg0,
489 2499 553 2556 dum
572 2500 650 2564 uirgo
669 2500 807 2567 quondam
825 2499 886 2565 fuit,
904 2498 1030 2552 omnibus
1047 2515 1144 2567 expers

307 2584 464 2649 Vnguentis,
483 2599 536 2635 una
554 2582 637 2634 millia
654 2584 741 2634 multa
757 2582 822 2636 bibi.

272 2664 351 2718 Nunc
369 2682 427 2731 uoS,
447 2671 540 2732 optato
559 2681 625 2731 quas
644 2666 731 2716 iunxit
750 2665 850 2718 lumine
868 2663 957 2727 taeda,
1055 2695 1061 2720 r

307 2747 370 2801 Non
388 2754 450 2816 post
467 2748 600 2800 unanimis
619 2763 735 2815 corpora
753 2747 912 2814 coniugibus
1109 2753 1144 2802 80

272 2828 388 2884 Tradite
407 2830 540 2883 nudantes
558 2831 660 2883 reiecta
678 2837 754 2884 ueste
773 2832 888 2900 papillas,

307 2915 381 2982 Qin
400 2914 517 2966 iocunda
534 2914 600 2965 mihi
618 2930 731 2966 munera
748 2914 814 2966 libet
832 2931 913 2982 onyx,

272 2994 370 3048 Vester
388 3012 468 3064 onyx,
488 3003 563 3048 casto
582 2997 674 3064 petitis
693 3013 762 3064 quae
782 2999 838 3050 iura
857 2997 947 3051 cubili.
968 3041 970 3046 .

308 3079 361 3131 Sed
380 3095 449 3147 quae
467 3095 496 3131 se
515 3081 622 3147 impuro
640 3080 716 3132 dedit
734 3079 874 3146 adulteri0‚

275 3162 347 3214 lllius
366 3169 382 3215 a'
400 3163 471 3214 mala
489 3163 561 3214 dona
578 3162 645 3214 leuis
662 3162 738 3215 bibat
755 3162 832 3215 irrita
849 3163 954 3230 puluis:
1108 3169 1141 3230 85

307 3245 433 3313 Namque
452 3262 503 3312 ego
521 3245 555 3298 ab
573 3246 687 3311 indignis
704 3247 823 3313 praemia
841 3246 913 3298 nulla
930 3253 1003 3313 peto,

274 3329 327 3382 Sed
345 3330 436 3396 magis,
455 3346 473 3381 ο
491 3336 599 3396 nuptae,
617 3345 725 3396 semper
742 3329 890 3382 concordia
906 3335 1011 3382 nostras

308 3418 422 3486 Semper
437 3432 515 3470 amor
531 3418 608 3471 sedes
626 3418 726 3471 incolat
744 3407 873 3472 assiduus,
